
<record>
  <datafield tag="035" ind1=" " ind2=" ">
    <subfield code="a">AIS.FOUNDATION.INSTITUTES.084809</subfield>
    <subfield code="9">AIS.FOUNDATION.INSTITUTES</subfield>
  </datafield>
  <datafield tag="110" ind1=" " ind2=" ">
    <subfield code="a">Universite Mohammed Premier Oujda</subfield>
  </datafield>
  <datafield tag="270" ind1=" " ind2=" ">
    <subfield code="b">OUJDA</subfield>
    <subfield code="e">MA-60000</subfield>
  </datafield>
  <datafield tag="270" ind1=" " ind2=" ">
    <subfield code="a">BP 524</subfield>
  </datafield>
  <datafield tag="270" ind1=" " ind2=" ">
    <subfield code="d">MOROCCO</subfield>
  </datafield>
  <datafield tag="690" ind1="C" ind2=" ">
    <subfield code="a">Institute</subfield>
  </datafield>
  <datafield tag="856" ind1="4" ind2=" ">
    <subfield code="u">www.univ-oujda.ac.ma</subfield>
    <subfield code="y">Institute home page</subfield>
  </datafield>
  <datafield tag="960" ind1=" " ind2=" ">
    <subfield code="a">71</subfield>
  </datafield>
  <datafield tag="963" ind1=" " ind2=" ">
    <subfield code="a">PUBLIC</subfield>
  </datafield>
  <datafield tag="980" ind1=" " ind2=" ">
    <subfield code="a">DIRECTORY</subfield>
  </datafield>
</record>