
<record>
  <controlfield tag="003">SzGeCERN</controlfield>
  <controlfield tag="005">20121112072825.0</controlfield>
  <datafield tag="980" ind1=" " ind2=" ">
    <subfield code="a">INTNOTEALICEPUBL</subfield>
  </datafield>
  <datafield tag="035" ind1=" " ind2=" ">
    <subfield code="9">EDMS</subfield>
    <subfield code="a">377250</subfield>
  </datafield>
  <datafield tag="035" ind1=" " ind2=" ">
    <subfield code="9">EDMS</subfield>
    <subfield code="a">377250v2</subfield>
  </datafield>
  <datafield tag="245" ind1=" " ind2=" ">
    <subfield code="a">operation of the x-ray photoelectron spectrometer ESCA5400</subfield>
  </datafield>
  <datafield tag="690" ind1="C" ind2=" ">
    <subfield code="a">CERN</subfield>
  </datafield>
  <datafield tag="690" ind1="C" ind2=" ">
    <subfield code="a">Standard</subfield>
  </datafield>
  <datafield tag="100" ind1=" " ind2=" ">
    <subfield code="a">Mauro TABORELLI</subfield>
  </datafield>
  <datafield tag="520" ind1=" " ind2=" ">
    <subfield code="a">SOP-AS-XPS-01</subfield>
  </datafield>
  <datafield tag="653" ind1="1" ind2=" ">
    <subfield code="a">XPS</subfield>
    <subfield code="9">EDMS</subfield>
  </datafield>
  <datafield tag="653" ind1="1" ind2=" ">
    <subfield code="a">ESCA5400</subfield>
    <subfield code="9">EDMS</subfield>
  </datafield>
  <datafield tag="859" ind1=" " ind2=" ">
    <subfield code="f">Mauro.Taborelli@cern.ch</subfield>
  </datafield>
  <datafield tag="856" ind1="4" ind2=" ">
    <subfield code="u">https://edms-workspace.cern.ch/Ddocument/377250/2</subfield>
  </datafield>
  <datafield tag="269" ind1=" " ind2=" ">
    <subfield code="a">Geneva</subfield>
    <subfield code="b">CERN</subfield>
    <subfield code="c">2012-11-09</subfield>
  </datafield>
  <datafield tag="916" ind1="4" ind2=" ">
    <subfield code="s">n</subfield>
    <subfield code="w">200320</subfield>
  </datafield>
</record>