
<record>
  <datafield tag="037" ind1=" " ind2=" ">
    <subfield code="a">BUL-SA-2012-212</subfield>
  </datafield>
  <datafield tag="041" ind1=" " ind2=" ">
    <subfield code="a">en</subfield>
  </datafield>
  <datafield tag="041" ind1=" " ind2=" ">
    <subfield code="a">fr</subfield>
  </datafield>
  <datafield tag="100" ind1=" " ind2=" ">
    <subfield code="a">Association du personnel</subfield>
  </datafield>
  <datafield tag="245" ind1=" " ind2=" ">
    <subfield code="a">Information meetings</subfield>
  </datafield>
  <datafield tag="246" ind1=" " ind2="1">
    <subfield code="a">Réunions d'information</subfield>
  </datafield>
  <datafield tag="260" ind1=" " ind2=" ">
    <subfield code="c">2012</subfield>
  </datafield>
  <datafield tag="269" ind1=" " ind2=" ">
    <subfield code="c">22/10/2012</subfield>
  </datafield>
  <datafield tag="520" ind1=" " ind2=" ">
    <subfield code="b">&lt;!--HTML-->&lt;p> The slides of our information meetings, as well as a recording, are available in Indico at the URL:&lt;/p> &lt;p> &lt;a href="https://indico.cern.ch/conferenceDisplay.py?confId=212881">https://indico.cern.ch/conferenceDisplay.py?confId=212881&lt;/a>&lt;/p></subfield>
  </datafield>
  <datafield tag="590" ind1=" " ind2=" ">
    <subfield code="b">&lt;!--HTML-->&lt;p> La pr&amp;eacute;sentation montr&amp;eacute;e lors des r&amp;eacute;unions d&amp;#39;information ainsi qu&amp;#39;un enregistrement video sont disponibles sous Indico &amp;agrave; l&amp;#39;URL :&lt;/p> &lt;p> &lt;a href="https://indico.cern.ch/conferenceDisplay.py?confId=212880">https://indico.cern.ch/conferenceDisplay.py?confId=212880&lt;/a>&lt;/p></subfield>
  </datafield>
  <datafield tag="594" ind1=" " ind2=" ">
    <subfield code="a">NO</subfield>
  </datafield>
  <datafield tag="595" ind1=" " ind2=" ">
    <subfield code="a">CERN Bulletin</subfield>
  </datafield>
  <datafield tag="595" ind1=" " ind2=" ">
    <subfield code="a">noicon</subfield>
  </datafield>
  <datafield tag="691" ind1=" " ind2=" ">
    <subfield code="a">ONLINE</subfield>
  </datafield>
  <datafield tag="773" ind1=" " ind2=" ">
    <subfield code="c">2</subfield>
    <subfield code="n">43/2012</subfield>
    <subfield code="t">CERN Bulletin</subfield>
  </datafield>
  <datafield tag="773" ind1=" " ind2=" ">
    <subfield code="c">2</subfield>
    <subfield code="n">44/2012</subfield>
    <subfield code="t">CERN Bulletin</subfield>
  </datafield>
  <datafield tag="859" ind1=" " ind2=" ">
    <subfield code="a">staff.bulletin@cern.ch</subfield>
    <subfield code="f">sonia.casenove@cern.ch</subfield>
  </datafield>
  <datafield tag="980" ind1=" " ind2=" ">
    <subfield code="a">BULLETINSTAFF</subfield>
  </datafield>
</record>