
<record>
  <datafield tag="037" ind1=" " ind2=" ">
    <subfield code="a">ATLAS-PLOT-COS-2009-008</subfield>
  </datafield>
  <datafield tag="041" ind1=" " ind2=" ">
    <subfield code="a">eng</subfield>
  </datafield>
  <datafield tag="100" ind1=" " ind2=" ">
    <subfield code="a">Nayanka, B</subfield>
  </datafield>
  <datafield tag="700" ind1=" " ind2=" ">
    <subfield code="a">Le Menedeu, E</subfield>
  </datafield>
  <datafield tag="700" ind1=" " ind2=" ">
    <subfield code="a">Ouraou, A</subfield>
  </datafield>
  <datafield tag="700" ind1=" " ind2=" ">
    <subfield code="a">Laporte, JF</subfield>
  </datafield>
  <datafield tag="700" ind1=" " ind2=" ">
    <subfield code="a">Nicolaidou, R</subfield>
  </datafield>
  <datafield tag="700" ind1=" " ind2=" ">
    <subfield code="a">Lenzi, B</subfield>
  </datafield>
  <datafield tag="700" ind1=" " ind2=" ">
    <subfield code="a">Lopez Mateos, D</subfield>
  </datafield>
  <datafield tag="260" ind1=" " ind2=" ">
    <subfield code="c">2009</subfield>
  </datafield>
  <datafield tag="300" ind1=" " ind2=" ">
    <subfield code="a">mult. p</subfield>
  </datafield>
  <datafield tag="506" ind1=" " ind2=" ">
    <subfield code="a">ATLAS Commenting</subfield>
    <subfield code="d">atlas-plot-cos-2009-008</subfield>
    <subfield code="m">nayanka.bolnet@cea.fr</subfield>
    <subfield code="m">eve.lemenedeu@cea.fr</subfield>
    <subfield code="m">ahmimed.ouraou@cea.fr</subfield>
    <subfield code="m">laport@hep.saclay.cea.fr</subfield>
    <subfield code="m">Rosy.Nicolaidou@cern.ch</subfield>
    <subfield code="m">bruno.lenzi@cern.ch</subfield>
    <subfield code="m">dlopez@caltech.edu</subfield>
  </datafield>
  <datafield tag="595" ind1=" " ind2=" ">
    <subfield code="a">CERN EDS</subfield>
  </datafield>
  <datafield tag="650" ind1="1" ind2="7">
    <subfield code="a">Detectors and Experimental Techniques</subfield>
    <subfield code="2">SzGeCERN</subfield>
  </datafield>
  <datafield tag="650" ind1="2" ind2="7">
    <subfield code="2">ATLAS</subfield>
    <subfield code="a">Cosmics</subfield>
  </datafield>
  <datafield tag="653" ind1="1" ind2=" ">
    <subfield code="9">CERN</subfield>
    <subfield code="a">Muonboy</subfield>
  </datafield>
  <datafield tag="653" ind1="1" ind2=" ">
    <subfield code="9">CERN</subfield>
    <subfield code="a">Combined Reconstruction</subfield>
  </datafield>
  <datafield tag="653" ind1="1" ind2=" ">
    <subfield code="9">CERN</subfield>
    <subfield code="a">Inner Detector</subfield>
  </datafield>
  <datafield tag="653" ind1="1" ind2=" ">
    <subfield code="9">CERN</subfield>
    <subfield code="a">Muon Spectrometer</subfield>
  </datafield>
  <datafield tag="653" ind1="1" ind2=" ">
    <subfield code="9">CERN</subfield>
    <subfield code="a">COSMICS</subfield>
  </datafield>
  <datafield tag="690" ind1="C" ind2=" ">
    <subfield code="a">CERN</subfield>
  </datafield>
  <datafield tag="690" ind1="C" ind2=" ">
    <subfield code="a">PLOT</subfield>
  </datafield>
  <datafield tag="690" ind1="C" ind2=" ">
    <subfield code="a">PRIVATLASPLOT</subfield>
  </datafield>
  <datafield tag="690" ind1="C" ind2=" ">
    <subfield code="a">ATLASPLOTCOS</subfield>
  </datafield>
  <datafield tag="693" ind1=" " ind2=" ">
    <subfield code="a">CERN LHC</subfield>
    <subfield code="e">ATLAS</subfield>
  </datafield>
  <datafield tag="710" ind1=" " ind2=" ">
    <subfield code="5">PH-EP</subfield>
  </datafield>
  <datafield tag="710" ind1=" " ind2=" ">
    <subfield code="g">ATLAS Collaboration</subfield>
  </datafield>
  <datafield tag="859" ind1=" " ind2=" ">
    <subfield code="f">laport@hep.saclay.cea.fr</subfield>
  </datafield>
  <datafield tag="916" ind1=" " ind2=" ">
    <subfield code="s">n</subfield>
    <subfield code="w">200949</subfield>
  </datafield>
  <datafield tag="960" ind1=" " ind2=" ">
    <subfield code="a">12</subfield>
  </datafield>
  <datafield tag="963" ind1=" " ind2=" ">
    <subfield code="a">PUBLIC</subfield>
  </datafield>
  <datafield tag="980" ind1=" " ind2=" ">
    <subfield code="a">PRIVATLASPLOT</subfield>
  </datafield>
  <datafield tag="245" ind1=" " ind2=" ">
    <subfield code="a">Inner Dectector – Muon Spectrometer track matching</subfield>
  </datafield>
  <datafield tag="520" ind1=" " ind2=" ">
    <subfield code="a">&lt;!--HTML--> &lt;p>The aim to study the evolution with momentum of the widths of the distributions of the differences in polar and azimuthal angles of Inner Detector and Muon Spectrometer tracks reconstructed in the same cosmic event&lt;/p> &lt;p>Muon Spectrometer tracks are reconstructedby Muonboy&lt;/p> &lt;p>&lt;br /> The data areMuon spectrometer private processing using a public release (15.5.5.1) with updates only for the MS constants. This processing is validated and approved within the muon group by the relevant alignment and calibration experts.&lt;/p> &lt;p>The Tracks selection is based on cuts on Inner Detector and Muon Spectrometer tracks defined in the Muon and Combined Muon working groups&lt;/p> &lt;p>&lt;br /> Variables shown are the widths of the distributions of the differences in polar and azimuthal angles of Inner Detector and Muon Spectrometer tracks reconstructed in the same cosmic event&lt;/p> &lt;p>&amp;nbsp;&lt;/p> &lt;p>The widths are fitted by p0/P&amp;nbsp; + p1&amp;nbsp; summed in quadrature where p0 is the term due to the multiple scattering&amp;nbsp; and p1 is the intrinsic measurement term &lt;br /> &lt;br /> &amp;nbsp;&lt;/p></subfield>
  </datafield>
  <datafield tag="269" ind1=" " ind2=" ">
    <subfield code="b">CERN</subfield>
    <subfield code="a">Geneva</subfield>
    <subfield code="c">04 Dec 2009</subfield>
  </datafield>
  <datafield tag="856" ind1="4" ind2=" ">
    <subfield code="u">http://cdsweb.cern.ch/record/1226783/files/NB_resol_phiP.eps</subfield>
    <subfield code="z">Azimuthal angle</subfield>
  </datafield>
  <datafield tag="856" ind1="4" ind2=" ">
    <subfield code="u">http://cdsweb.cern.ch/record/1226783/files/NB_resol_thetaP.eps</subfield>
    <subfield code="z">Polar angle</subfield>
  </datafield>
  <datafield tag="856" ind1="4" ind2=" ">
    <subfield code="u">http://cdsweb.cern.ch/record/1226783/files/nayankaplots.pdf</subfield>
  </datafield>
  <datafield tag="856" ind1="4" ind2=" ">
    <subfield code="u">http://cdsweb.cern.ch/record/1226783/files/NB_resol_phiP.gif?subformat=icon</subfield>
    <subfield code="x">icon</subfield>
  </datafield>
  <datafield tag="856" ind1="4" ind2=" ">
    <subfield code="u">http://cdsweb.cern.ch/record/1226783/files/NB_resol_thetaP.gif?subformat=icon</subfield>
    <subfield code="x">icon</subfield>
  </datafield>
  <datafield tag="856" ind1="4" ind2=" ">
    <subfield code="u">http://cdsweb.cern.ch/record/1226783/files/nayankaplots.gif?subformat=icon</subfield>
    <subfield code="x">icon</subfield>
  </datafield>
</record>