
<record>
  <datafield tag="037" ind1=" " ind2=" ">
    <subfield code="a">CERN-CNL-ARTICLE-2010-012</subfield>
  </datafield>
  <datafield tag="100" ind1=" " ind2=" ">
    <subfield code="a">Tilaro, Filippo</subfield>
    <subfield code="u">EN-ICE</subfield>
  </datafield>
  <datafield tag="110" ind1=" " ind2=" ">
    <subfield code="a">CERN openlab</subfield>
  </datafield>
  <datafield tag="245" ind1=" " ind2=" ">
    <subfield code="a">Siemens openlab team lays emphasis on cyber security analysis for industrial control systems</subfield>
  </datafield>
  <datafield tag="260" ind1=" " ind2=" ">
    <subfield code="c">2010</subfield>
  </datafield>
  <datafield tag="269" ind1=" " ind2=" ">
    <subfield code="c">24 Mar 2010</subfield>
  </datafield>
  <datafield tag="859" ind1=" " ind2=" ">
    <subfield code="f">CNL.Editor@cern.ch</subfield>
  </datafield>
  <datafield tag="980" ind1=" " ind2=" ">
    <subfield code="a">CNLARTICLE</subfield>
  </datafield>
  <datafield tag="773" ind1=" " ind2=" ">
    <subfield code="n">2010-001</subfield>
    <subfield code="t">CERN computer newsletter</subfield>
    <subfield code="p">CERN Comput. Newsl.</subfield>
  </datafield>
  <datafield tag="856" ind1="4" ind2=" ">
    <subfield code="u">http://cerncourier.com/cws/article/cnl/42165</subfield>
  </datafield>
</record>