
<record>
  <controlfield tag="003">SzGeCERN</controlfield>
  <datafield tag="037" ind1=" " ind2=" ">
    <subfield code="a">BUL-SC-2006-009</subfield>
  </datafield>
  <datafield tag="088" ind1=" " ind2=" ">
    <subfield code="a">11/2006</subfield>
  </datafield>
  <datafield tag="100" ind1=" " ind2=" ">
    <subfield code="a">GAC, Jardin d'enfants, Clubs, Association du personnel, Interfon</subfield>
  </datafield>
  <datafield tag="245" ind1=" " ind2=" ">
    <subfield code="a">Social and cultural activities</subfield>
  </datafield>
  <datafield tag="246" ind1=" " ind2="1">
    <subfield code="a">Activités socio-culturelles</subfield>
  </datafield>
  <datafield tag="260" ind1=" " ind2=" ">
    <subfield code="c">2006</subfield>
  </datafield>
  <datafield tag="269" ind1=" " ind2=" ">
    <subfield code="c">13 Mar 2006</subfield>
  </datafield>
  <datafield tag="520" ind1=" " ind2=" ">
    <subfield code="b">Groupement des anciens du CERN Nursery School : Enrolment 2006-2007. Exhibition The Club of the week : Yachting Club Yoga. Ski. Solar. Artemusa. Rugby. Record. MicroClub. CineClub. Evening Conference : Nicole and Serge Roetheli. Tour du monde. Interfon</subfield>
  </datafield>
  <datafield tag="590" ind1=" " ind2=" ">
    <subfield code="b">Groupement des anciens du CERN Jardin d'enfants : Inscriptions 2006-2007. Exposition Le Club de la semaine : Yachting Club Yoga. Ski. Solar. Artemusa. Rugby. Record. MicroClub. CineClub. Conférence du soir : Nicole et Serge Roetheli. Tour du monde. Interfon</subfield>
  </datafield>
  <datafield tag="595" ind1=" " ind2=" ">
    <subfield code="a">CERN EDS</subfield>
  </datafield>
  <datafield tag="650" ind1="1" ind2="7">
    <subfield code="2">SzGeCERN</subfield>
    <subfield code="a">Social and Cultural Activities</subfield>
  </datafield>
  <datafield tag="859" ind1=" " ind2=" ">
    <subfield code="f">sonia.casenove@cern.ch</subfield>
  </datafield>
  <datafield tag="916" ind1=" " ind2=" ">
    <subfield code="s">n</subfield>
    <subfield code="w">200610</subfield>
  </datafield>
  <datafield tag="960" ind1=" " ind2=" ">
    <subfield code="a">75</subfield>
  </datafield>
  <datafield tag="961" ind1=" " ind2=" ">
    <subfield code="c">20060309</subfield>
    <subfield code="h">1205</subfield>
    <subfield code="l">MMD01</subfield>
    <subfield code="x">20060309</subfield>
  </datafield>
  <datafield tag="963" ind1=" " ind2=" ">
    <subfield code="a">PUBLIC</subfield>
  </datafield>
  <datafield tag="970" ind1=" " ind2=" ">
    <subfield code="a">000040551MMD</subfield>
  </datafield>
  <datafield tag="980" ind1=" " ind2=" ">
    <subfield code="a">BULLETINSOCIAL</subfield>
  </datafield>
  <datafield tag="773" ind1=" " ind2=" ">
    <subfield code="c">1</subfield>
    <subfield code="n">11/2006</subfield>
    <subfield code="t">CERN Bulletin</subfield>
  </datafield>
  <datafield tag="856" ind1="4" ind2=" ">
    <subfield code="u">http://documents.cern.ch/cgi-bin/setlink?base=cern&amp;categ=bulletin&amp;id=sc-2006-009</subfield>
    <subfield code="y">Access to fulltext document</subfield>
  </datafield>
  <datafield tag="856" ind1="4" ind2=" ">
    <subfield code="u">http://cdsweb.cern.ch/record/933941/files/sc-2006-009.pdf</subfield>
    <subfield code="y">Access to fulltext document</subfield>
  </datafield>
</record>