
<record>
  <controlfield tag="005">20121126114739.0</controlfield>
  <datafield tag="595" ind1=" " ind2=" ">
    <subfield code="a">CERN EDS</subfield>
  </datafield>
  <datafield tag="980" ind1=" " ind2=" ">
    <subfield code="a">THESIS</subfield>
  </datafield>
  <datafield tag="700" ind1=" " ind2=" ">
    <subfield code="a">GAO, Yuanning</subfield>
    <subfield code="e">dir.</subfield>
    <subfield code="u">Tsinghua U., Beijing</subfield>
  </datafield>
  <datafield tag="700" ind1=" " ind2=" ">
    <subfield code="a">ROBBE, Patrick</subfield>
    <subfield code="e">dir.</subfield>
    <subfield code="u">Orsay, LAL</subfield>
  </datafield>
  <datafield tag="700" ind1=" " ind2=" ">
    <subfield code="a">HE, Jibo</subfield>
    <subfield code="e">dir.</subfield>
    <subfield code="u">Orsay, LAL</subfield>
  </datafield>
  <datafield tag="037" ind1=" " ind2=" ">
    <subfield code="a">CERN-THESIS-2012-139</subfield>
  </datafield>
  <datafield tag="693" ind1=" " ind2=" ">
    <subfield code="a">CERN LHC</subfield>
    <subfield code="e">LHCb</subfield>
  </datafield>
  <datafield tag="690" ind1="C" ind2=" ">
    <subfield code="a">CERN</subfield>
  </datafield>
  <datafield tag="690" ind1="C" ind2=" ">
    <subfield code="a">THESIS</subfield>
  </datafield>
  <datafield tag="970" ind1=" " ind2=" ">
    <subfield code="a">000726733CER</subfield>
  </datafield>
  <datafield tag="859" ind1=" " ind2=" ">
    <subfield code="f">elodie.beaumont@cern.ch</subfield>
  </datafield>
  <datafield tag="909" ind1="C" ind2="O">
    <subfield code="o">oai:atlantis.cern.ch:1484857</subfield>
    <subfield code="p">cerncds:THESES</subfield>
    <subfield code="p">cerncds:CERN</subfield>
  </datafield>
  <datafield tag="520" ind1=" " ind2=" ">
    <subfield code="a">Quantum Chromodynamics (QCD), one of the most fundamental components of the Standard Model theory of Particle Physics, is dedicated to describe the strong interactions among quarks and gluons. For the $B$ meson production cross-sections in hadron-hadron collisions, perturbative QCD (pQCD) calculations are available at next-to-leading order (NLO) and with the fixed-order plus next-to-leading logarithms (FONLL) approximations. Measuring $B$ meson production cross-sections at the Large Hadron Collider (LHC) is of great importance to test the pQCD calculations. The LHCb detector is a single-arm forward spectrometer. It collects the physical information  of the products in proton-proton collisions at the LHC. The differential and total production cross-sections of $B$ mesons (including $B^+$, $B^0$ and $B_s^0$) in proton-proton collisions at $\sqrt{s}=7\,{\rm TeV}$ are studied using 35${\rm pb}^{-1}$ of data in 2010 and 370${\rm pb}^{-1}$ of data in 2011 collected by the LHCb detector, and reported in this dissertation. The total cross-sections are measured to be \begin{equation} \begin{array}{rcl} \sigma(B^+, 0&lt;p_{\rm T}&lt;40{\rm GeV}/c,2.0&lt;y&lt;4.5) &amp;=&amp; 41.4\pm1.4\,({\rm stat.})\pm3.2\,({\rm syst.})\,{\rm \mu b} (2010), \\ \sigma(B^+, 0&lt;p_{\rm T}&lt;40{\rm GeV}/c,2.0&lt;y&lt;4.5) &amp;=&amp; 41.6\pm0.3\,({\rm stat.})\pm2.7\,({\rm syst.})\,{\rm \mu b} (2011), \\ \sigma(B^0, 2&lt;p_{\rm T}&lt;40{\rm GeV}/c, 2.0&lt;y&lt;4.5) &amp;=&amp; 32.3\pm0.4\,({\rm stat.})\pm2.4\,({\rm syst.})\,{\rm \mu b} (2011), \\ \sigma(B^0_s, 0&lt;p_{\rm T}&lt;40{\rm GeV}/c,2.0&lt;y&lt;4.5) &amp;=&amp; 7.9\pm0.2\,({\rm stat.})\pm2.5\,({\rm syst.})\,{\rm \mu b}(2011). \end{array} \nonumber \end{equation} The numbers in the brackets indicate the year during which the data sample was collected. These results are in good agreement with FONLL theoretical predictions. The $B^+_c$ meson, composed of two different heavy flavor quarks $\overline{b}$ and $c$, has not been well studied experimentally up to now. Using data collected by the LHCb detector in 2011, the production ratio is measured to be \begin{equation} \frac{\sigma\left(B^+_c\right) \times {\cal B} \left( B^+_c\rightarrow J/\psi\pi^+ \right)}{\sigma\left(B^+\right) \times {\cal B}\left( B^+\rightarrow J/\psi K^+ \right)} =0.72 \pm 0.10 \,({\rm stat.})\pm 0.08\,({\rm syst.})\%,\nonumber \end{equation} where $\sigma$ is the production cross-section in the range $4&lt;p_{\rm T}&lt;100{\rm GeV}/c$ and $2.5&lt;\eta&lt;4.5$ and ${\cal B}$ is the branching ratio.  This result may shed light on the production mechanism of doubly flavored hadrons.</subfield>
  </datafield>
  <datafield tag="650" ind1="1" ind2="7">
    <subfield code="2">SzGeCERN</subfield>
    <subfield code="a">Particle Physics - Experiment</subfield>
  </datafield>
  <datafield tag="916" ind1=" " ind2=" ">
    <subfield code="s">n</subfield>
    <subfield code="w">201242</subfield>
    <subfield code="y">a2012</subfield>
  </datafield>
  <datafield tag="502" ind1=" " ind2=" ">
    <subfield code="a">PhD</subfield>
    <subfield code="b">Tsinghua U., Beijing</subfield>
    <subfield code="c">2012-06-04</subfield>
  </datafield>
  <datafield tag="500" ind1=" " ind2=" ">
    <subfield code="a">Presented 05 Jun 2012</subfield>
  </datafield>
  <datafield tag="300" ind1=" " ind2=" ">
    <subfield code="a">182 p</subfield>
  </datafield>
  <datafield tag="856" ind1="4" ind2=" ">
    <subfield code="u">http://cdsweb.cern.ch/record/1484857/files/CERN-THESIS-2012-139.pdf</subfield>
    <subfield code="y">Fulltext</subfield>
  </datafield>
  <datafield tag="856" ind1="4" ind2=" ">
    <subfield code="u">http://cdsweb.cern.ch/record/1484857/files/CERN-THESIS-2012-139_2.pdf</subfield>
  </datafield>
  <datafield tag="710" ind1=" " ind2=" ">
    <subfield code="5">PH</subfield>
  </datafield>
  <datafield tag="245" ind1=" " ind2=" ">
    <subfield code="a">Measurements of the $B$ meson production cross-sections at LHCb</subfield>
  </datafield>
  <datafield tag="024" ind1="8" ind2=" ">
    <subfield code="a">oai:cds.cern.ch:1484857</subfield>
    <subfield code="p">cerncds:THESES</subfield>
    <subfield code="p">cerncds:CERN</subfield>
  </datafield>
  <datafield tag="100" ind1=" " ind2=" ">
    <subfield code="a">LIU, Bo</subfield>
    <subfield code="u">Tsinghua U., Beijing</subfield>
  </datafield>
  <datafield tag="041" ind1=" " ind2=" ">
    <subfield code="a">eng</subfield>
  </datafield>
  <datafield tag="960" ind1=" " ind2=" ">
    <subfield code="a">14</subfield>
  </datafield>
  <datafield tag="963" ind1=" " ind2=" ">
    <subfield code="a">PUBLIC</subfield>
  </datafield>
</record>