
<record>
  <datafield tag="037" ind1=" " ind2=" ">
    <subfield code="a">CERN-Procurement-2011-083</subfield>
  </datafield>
  <datafield tag="041" ind1=" " ind2=" ">
    <subfield code="a">eng</subfield>
  </datafield>
  <datafield tag="245" ind1=" " ind2=" ">
    <subfield code="a">Transfer of Risk Liability Template for Experiments</subfield>
  </datafield>
  <datafield tag="260" ind1=" " ind2=" ">
    <subfield code="c">2011</subfield>
  </datafield>
  <datafield tag="269" ind1=" " ind2=" ">
    <subfield code="b">CERN</subfield>
    <subfield code="a">Geneva</subfield>
    <subfield code="c">2011-07-25</subfield>
  </datafield>
  <datafield tag="300" ind1=" " ind2=" ">
    <subfield code="a">mult. p</subfield>
  </datafield>
  <datafield tag="506" ind1=" " ind2=" ">
    <subfield code="a">cern-staff</subfield>
  </datafield>
  <datafield tag="506" ind1="1" ind2=" ">
  </datafield>
  <datafield tag="520" ind1=" " ind2=" ">
    <subfield code="a">Transfer of Risk Liability Template for Experiments</subfield>
  </datafield>
  <datafield tag="562" ind1=" " ind2=" ">
    <subfield code="c">Comments submitted after 02-08-2011 14:44</subfield>
  </datafield>
  <datafield tag="594" ind1=" " ind2=" ">
    <subfield code="a">Templates-Supplies</subfield>
  </datafield>
  <datafield tag="595" ind1=" " ind2=" ">
    <subfield code="a">GENSBM</subfield>
  </datafield>
  <datafield tag="710" ind1=" " ind2=" ">
    <subfield code="5">FP</subfield>
  </datafield>
  <datafield tag="856" ind1="4" ind2=" ">
    <subfield code="u">http://cdsweb.cern.ch/record/1370178/files/Template_TransferRiskLiability_v2011-07-25.doc</subfield>
  </datafield>
  <datafield tag="859" ind1=" " ind2=" ">
    <subfield code="f">robin.ashford@cern.ch</subfield>
  </datafield>
  <datafield tag="916" ind1=" " ind2=" ">
    <subfield code="s">n</subfield>
    <subfield code="w">201130</subfield>
  </datafield>
  <datafield tag="980" ind1=" " ind2=" ">
    <subfield code="a">PROCUREMENT-Templates-Supplies-cern-staff</subfield>
  </datafield>
</record>