
<record>
  <controlfield tag="005">20130221185930.0</controlfield>
  <datafield tag="037" ind1=" " ind2=" ">
    <subfield code="a">LHCb-CONF-2013-001</subfield>
  </datafield>
  <datafield tag="041" ind1=" " ind2=" ">
    <subfield code="a">eng</subfield>
  </datafield>
  <datafield tag="088" ind1=" " ind2=" ">
    <subfield code="a">CERN-LHCb-CONF-2013-001</subfield>
  </datafield>
  <datafield tag="110" ind1=" " ind2=" ">
    <subfield code="a">The LHCb Collaboration</subfield>
  </datafield>
  <datafield tag="245" ind1=" " ind2=" ">
    <subfield code="a">test</subfield>
  </datafield>
  <datafield tag="260" ind1=" " ind2=" ">
    <subfield code="c">2000</subfield>
  </datafield>
  <datafield tag="269" ind1=" " ind2=" ">
    <subfield code="b">CERN</subfield>
    <subfield code="a">Geneva</subfield>
    <subfield code="c">10 Oct 2000</subfield>
  </datafield>
  <datafield tag="270" ind1=" " ind2=" ">
    <subfield code="m">jerome.caffaro@cern.ch</subfield>
  </datafield>
  <datafield tag="300" ind1=" " ind2=" ">
    <subfield code="a">5 p</subfield>
  </datafield>
  <datafield tag="520" ind1=" " ind2=" ">
    <subfield code="a">test</subfield>
  </datafield>
  <datafield tag="595" ind1=" " ind2=" ">
    <subfield code="a">CERN EDS</subfield>
  </datafield>
  <datafield tag="650" ind1="1" ind2="7">
    <subfield code="2">SzGeCERN</subfield>
    <subfield code="a">Accelerators and Storage Rings</subfield>
  </datafield>
  <datafield tag="650" ind1="2" ind2="7">
    <subfield code="2">SzGeCERN</subfield>
    <subfield code="a">EDR</subfield>
  </datafield>
  <datafield tag="690" ind1="C" ind2=" ">
    <subfield code="a">CERN</subfield>
  </datafield>
  <datafield tag="690" ind1="C" ind2=" ">
    <subfield code="a">INTNOTE</subfield>
  </datafield>
  <datafield tag="690" ind1="C" ind2=" ">
    <subfield code="a">PUBLLHCB</subfield>
  </datafield>
  <datafield tag="690" ind1="C" ind2=" ">
    <subfield code="a">INTNOTELHCBCONFPUBL</subfield>
  </datafield>
  <datafield tag="693" ind1=" " ind2=" ">
    <subfield code="a">CERN LHC</subfield>
    <subfield code="e">LHCb</subfield>
  </datafield>
  <datafield tag="710" ind1=" " ind2=" ">
    <subfield code="5">PH-EP</subfield>
    <subfield code="g">LHCb Collaboration</subfield>
  </datafield>
  <datafield tag="859" ind1=" " ind2=" ">
    <subfield code="f">cds.support@cern.ch</subfield>
  </datafield>
  <datafield tag="903" ind1=" " ind2=" ">
    <subfield code="s">public</subfield>
  </datafield>
  <datafield tag="916" ind1=" " ind2=" ">
    <subfield code="s">n</subfield>
    <subfield code="w">201308</subfield>
  </datafield>
  <datafield tag="962" ind1=" " ind2=" ">
    <subfield code="b">lausanne20070911</subfield>
    <subfield code="n">1044007</subfield>
  </datafield>
  <datafield tag="963" ind1=" " ind2=" ">
    <subfield code="a">PUBLIC</subfield>
  </datafield>
  <datafield tag="970" ind1=" " ind2=" ">
    <subfield code="a">000727136CER</subfield>
  </datafield>
  <datafield tag="980" ind1=" " ind2=" ">
    <subfield code="a">INTNOTELHCBCONFPUBL</subfield>
  </datafield>
</record>/n<record xmlns="http://www.loc.gov/MARC21/slim">
	
<controlfield tag="003">SzGeCERN</controlfield>
   <datafield tag="246" ind1="" ind2="">
      <subfield code="a">Construction anneau de stockage à electrons CESAR Keyword: CESAR</subfield>
   </datafield>
   <datafield tag="260" ind1="" ind2="">
      <subfield code="c">1961</subfield>
   </datafield>
   <datafield tag="269" ind1="" ind2="">
      <subfield code="c">Nov 1961</subfield>
   </datafield>
   <datafield tag="340" ind1="" ind2="">
      <subfield code="a">FILM</subfield>
   </datafield>
   <datafield tag="500" ind1="" ind2="">
      <subfield code="a">No scanned image</subfield>
   </datafield>
   <datafield tag="520" ind1="" ind2="">
      <subfield code="a">* = prévu pour être mis sur le WEB W = déjà sur le WEB 4851 E: Central monument for alignment. F: Monument central pour l'alignement.</subfield>
   </datafield>
   <datafield tag="541" ind1="" ind2="">
      <subfield code="e">Rubrique: Date Planche:11 61 De:4851 A:</subfield>
   </datafield>
   <datafield tag="595" ind1="" ind2="">
      <subfield code="a">Converted from filemaker</subfield>
   </datafield>
   <datafield tag="710" ind1="" ind2="">
      <subfield code="5">PS</subfield>
   </datafield>
   <datafield tag="923" ind1="" ind2="">
      <subfield code="r">KOZIOL; H</subfield>
   </datafield>
   <datafield tag="960" ind1="" ind2="">
      <subfield code="a">116</subfield>
   </datafield>
   <datafield tag="961" ind1="" ind2="">
      <subfield code="c">20050915</subfield>
      <subfield code="h">1521</subfield>
      <subfield code="l">MMD01</subfield>
      <subfield code="x">20040702</subfield>
   </datafield>
   <datafield tag="963" ind1="" ind2="">
      <subfield code="a">PUBLIC</subfield>
   </datafield>
   <datafield tag="970" ind1="" ind2="">
      <subfield code="a">000033786MMD</subfield>
   </datafield>
   <datafield tag="980" ind1="" ind2="">
      <subfield code="a">PHOTOARC</subfield>
   </datafield>
</record>