
<record>
  <controlfield tag="003">SzGeCERN</controlfield>
  <controlfield tag="005">20080314114918.0</controlfield>
  <datafield tag="020" ind1=" " ind2=" ">
    <subfield code="a">0670034665</subfield>
    <subfield code="u">print version, hardback</subfield>
 </datafield>
  <datafield tag="020" ind1=" " ind2=" ">
    <subfield code="a">9780670034666</subfield>
    <subfield code="u">print version, hardback</subfield>
 </datafield>
  <datafield tag="041" ind1=" " ind2=" ">
    <subfield code="a">eng</subfield>
 </datafield>
  <datafield tag="100" ind1=" " ind2=" ">
    <subfield code="a">Vincent, Norah</subfield>
 </datafield>
  <datafield tag="245" ind1=" " ind2=" ">
    <subfield code="a">Self-Made Man</subfield>
    <subfield code="b">One Woman's Journey into Manhood and Back</subfield>
 </datafield>
  <datafield tag="260" ind1=" " ind2=" ">
    <subfield code="a">New York, NY</subfield>
    <subfield code="b">Viking</subfield>
    <subfield code="c">2006</subfield>
 </datafield>
  <datafield tag="300" ind1=" " ind2=" ">
    <subfield code="a">304 p</subfield>
 </datafield>
  <datafield tag="583" ind1=" " ind2=" ">
    <subfield code="c">14-03-2008</subfield>
 </datafield>
  <datafield tag="650" ind1="1" ind2="7">
    <subfield code="2">SzGeCERN</subfield>
    <subfield code="a">XX</subfield>
 </datafield>
  <datafield tag="697" ind1="C" ind2=" ">
    <subfield code="a">ENGLISH BOOK CLUB</subfield>
 </datafield>
  <datafield tag="856" ind1="4" ind2=" ">
    <subfield code="u">http://club-englishbookclub.web.cern.ch/club-EnglishBookClub/</subfield>
    <subfield code="y">On order for the English Book Club</subfield>
 </datafield>
  <datafield tag="916" ind1=" " ind2=" ">
    <subfield code="s">p</subfield>
    <subfield code="w">200811</subfield>
 </datafield>
  <datafield tag="960" ind1=" " ind2=" ">
    <subfield code="a">21</subfield>
 </datafield>
  <datafield tag="961" ind1=" " ind2=" ">
    <subfield code="c">20080407</subfield>
    <subfield code="h">1513</subfield>
    <subfield code="l">CER01</subfield>
    <subfield code="x">20080314</subfield>
 </datafield>
  <datafield tag="963" ind1=" " ind2=" ">
    <subfield code="a">PUBLIC</subfield>
 </datafield>
  <datafield tag="970" ind1=" " ind2=" ">
    <subfield code="a">002748399CER</subfield>
 </datafield>
  <datafield tag="980" ind1=" " ind2=" ">
    <subfield code="a">BOOK</subfield>
 </datafield>
</record>