
<record>
  <controlfield tag="005">20121126114607.0</controlfield>
  <datafield tag="595" ind1=" " ind2=" ">
    <subfield code="a">CERN EDS</subfield>
  </datafield>
  <datafield tag="980" ind1=" " ind2=" ">
    <subfield code="a">THESIS</subfield>
  </datafield>
  <datafield tag="700" ind1=" " ind2=" ">
    <subfield code="a">Le Meur, Jean-Yves</subfield>
    <subfield code="e">dir.</subfield>
    <subfield code="u">CERN</subfield>
  </datafield>
  <datafield tag="700" ind1=" " ind2=" ">
    <subfield code="a">Marian, Ludmila</subfield>
    <subfield code="e">dir.</subfield>
    <subfield code="u">CERN</subfield>
  </datafield>
  <datafield tag="700" ind1=" " ind2=" ">
    <subfield code="a">Chonavel, Thierry</subfield>
    <subfield code="e">dir.</subfield>
    <subfield code="u">TELECOM Bretagne, Brest</subfield>
  </datafield>
  <datafield tag="037" ind1=" " ind2=" ">
    <subfield code="a">CERN-THESIS-2012-121</subfield>
  </datafield>
  <datafield tag="693" ind1=" " ind2=" ">
    <subfield code="a">Not applicable</subfield>
    <subfield code="e">Not applicable</subfield>
  </datafield>
  <datafield tag="690" ind1="C" ind2=" ">
    <subfield code="a">CERN</subfield>
  </datafield>
  <datafield tag="690" ind1="C" ind2=" ">
    <subfield code="a">THESIS</subfield>
  </datafield>
  <datafield tag="970" ind1=" " ind2=" ">
    <subfield code="a">000726237CER</subfield>
  </datafield>
  <datafield tag="859" ind1=" " ind2=" ">
    <subfield code="f">olivier.canevet@cern.ch</subfield>
  </datafield>
  <datafield tag="909" ind1="C" ind2="O">
    <subfield code="o">oai:atlantis.cern.ch:1479357</subfield>
    <subfield code="p">cerncds:THESES</subfield>
    <subfield code="p">cerncds:CERN</subfield>
  </datafield>
  <datafield tag="520" ind1=" " ind2=" ">
    <subfield code="a">In the frame of research in particle physics, CERN has been developing its own web-based software /Invenio/ to run the digital library of all the documents related to CERN and fundamental physics. The documents (articles, photos, news, thesis, ...) can be retrieved through a search engine. The results matching the query of the user can be displayed in several ways: sorted by latest first, author, title and also ranked by word similarity. The purpose of this project is to study and implement a new ranking method in Invenio: distributed-ranking (D-Rank). This method aims at aggregating several ranking scores coming from different ranking methods into a new score. In addition to query-related scores such as word similarity, the goal of the work is to take into account non-query-related scores such as citations, journal impact factor and in particular scores related to the document access frequency in the database. The idea is that for two equally query-relevant documents, if one has been more downloaded for instance, it should be displayed in front of the other. The approach that we studied consists in using /logistic regression/ as the aggregation process, which is performed through a weighted sum of the scores to be aggregated. Usually, optimal weights can be computed based on the data. In our case, we used the user feedback: the search activity has been recorded for six months (queries made, displayed, downloaded documents,...) and we divided this data set in two: one to estimate the optimal coefficients and the other to test them. The test consisted in reranking the queries made by the users with the optimal coefficients. Then we compared the results with the initial ranking to see if the documents which were clicked at the time were ranked higher. The optimal coefficients obtained are coherent in the sense that negative attributes for a document got a negative coefficient in the logistic formula. But the order of magnitude between the logistic coefficients were unexpected, as query-relevant score was much lower than the others weights. The re-ranking of the queries showed some improvement for records which had already been downloaded in the database and which were ranked higher.</subfield>
  </datafield>
  <datafield tag="650" ind1="1" ind2="7">
    <subfield code="2">SzGeCERN</subfield>
    <subfield code="a">Computing and Computers</subfield>
  </datafield>
  <datafield tag="916" ind1=" " ind2=" ">
    <subfield code="s">n</subfield>
    <subfield code="w">201238</subfield>
    <subfield code="y">a2012</subfield>
  </datafield>
  <datafield tag="502" ind1=" " ind2=" ">
    <subfield code="a">Master</subfield>
    <subfield code="b">Rennes U.</subfield>
    <subfield code="c">2012</subfield>
  </datafield>
  <datafield tag="500" ind1=" " ind2=" ">
    <subfield code="a">Presented 2012</subfield>
  </datafield>
  <datafield tag="300" ind1=" " ind2=" ">
    <subfield code="a">71 p</subfield>
  </datafield>
  <datafield tag="856" ind1="4" ind2=" ">
    <subfield code="u">http://cdsweb.cern.ch/record/1479357/files/CERN-THESIS-2012-121.pdf</subfield>
    <subfield code="y">Fulltext</subfield>
  </datafield>
  <datafield tag="856" ind1="4" ind2=" ">
    <subfield code="u">http://cdsweb.cern.ch/record/1479357/files/CERN-THESIS-2012-121.pdf?subformat=pdfa</subfield>
    <subfield code="x">pdfa</subfield>
  </datafield>
  <datafield tag="710" ind1=" " ind2=" ">
    <subfield code="5">IT</subfield>
  </datafield>
  <datafield tag="245" ind1=" " ind2=" ">
    <subfield code="a">Evaluating ranking methods on heterogeneous digital library collections</subfield>
  </datafield>
  <datafield tag="024" ind1="8" ind2=" ">
    <subfield code="a">oai:cds.cern.ch:1479357</subfield>
    <subfield code="p">cerncds:THESES</subfield>
    <subfield code="p">cerncds:CERN</subfield>
  </datafield>
  <datafield tag="246" ind1=" " ind2=" ">
    <subfield code="a">Distributed-ranking in Invenio</subfield>
  </datafield>
  <datafield tag="100" ind1=" " ind2=" ">
    <subfield code="a">Canévet, Olivier</subfield>
    <subfield code="u">TELECOM Bretagne, Brest</subfield>
  </datafield>
  <datafield tag="041" ind1=" " ind2=" ">
    <subfield code="a">eng</subfield>
  </datafield>
  <datafield tag="960" ind1=" " ind2=" ">
    <subfield code="a">14</subfield>
  </datafield>
  <datafield tag="963" ind1=" " ind2=" ">
    <subfield code="a">PUBLIC</subfield>
  </datafield>
</record>