
<record>
  <controlfield tag="005">20130522141745.0</controlfield>
  <datafield tag="690" ind1="C" ind2=" ">
    <subfield code="a">DO</subfield>
  </datafield>
  <datafield tag="088" ind1=" " ind2=" ">
    <subfield code="a">DO-9999/TEST</subfield>
  </datafield>
  <datafield tag="595" ind1=" " ind2=" ">
    <subfield code="a">CERN EDS</subfield>
  </datafield>
  <datafield tag="650" ind1="1" ind2="7">
    <subfield code="2">SzGeCERN</subfield>
    <subfield code="a">Supplies</subfield>
  </datafield>
  <datafield tag="650" ind1="1" ind2="7">
    <subfield code="b">Adjudication vs. FCA</subfield>
  </datafield>
  <datafield tag="980" ind1=" " ind2=" ">
    <subfield code="a">DO</subfield>
  </datafield>
  <datafield tag="859" ind1=" " ind2=" ">
    <subfield code="f">esteban.jose.garcia.gabancho@cern.ch</subfield>
  </datafield>
  <datafield tag="903" ind1=" " ind2=" ">
    <subfield code="s">private</subfield>
  </datafield>
  <datafield tag="245" ind1=" " ind2=" ">
    <subfield code="a">Test for empty</subfield>
    <subfield code="b">1324</subfield>
  </datafield>
  <datafield tag="506" ind1=" " ind2=" ">
    <subfield code="m">DO-9999-TEST-Purchase [CERN]</subfield>
  </datafield>
  <datafield tag="506" ind1=" " ind2=" ">
    <subfield code="m">DO-9999-TEST-Evaluation-Panel [CERN]</subfield>
  </datafield>
  <datafield tag="506" ind1=" " ind2=" ">
    <subfield code="m">DO-9999-TEST-Firms [CERN]</subfield>
  </datafield>
  <datafield tag="506" ind1=" " ind2=" ">
    <subfield code="e">open</subfield>
  </datafield>
  <datafield tag="591" ind1=" " ind2=" ">
    <subfield code="a">Marie-Claude ; Alex ; Tatiana...</subfield>
  </datafield>
  <datafield tag="591" ind1=" " ind2=" ">
    <subfield code="n">CEGELEC FR</subfield>
  </datafield>
  <datafield tag="591" ind1=" " ind2=" ">
    <subfield code="e">COFELY ES - email dated 02.05.2013 ; ARCADE GB - email dated 15.05.2013</subfield>
  </datafield>
  <datafield tag="591" ind1=" " ind2=" ">
    <subfield code="d">2013-05-22 15:00</subfield>
  </datafield>
  <datafield tag="916" ind1=" " ind2=" ">
    <subfield code="s">n</subfield>
    <subfield code="w">201316</subfield>
  </datafield>
  <datafield tag="925" ind1=" " ind2=" ">
    <subfield code="a">2013-03-24</subfield>
  </datafield>
  <datafield tag="925" ind1=" " ind2=" ">
    <subfield code="b">2013-05-06</subfield>
  </datafield>
  <datafield tag="925" ind1=" " ind2=" ">
    <subfield code="h">10:00</subfield>
  </datafield>
  <datafield tag="960" ind1=" " ind2=" ">
    <subfield code="a">66</subfield>
  </datafield>
  <datafield tag="041" ind1=" " ind2=" ">
    <subfield code="a">eng</subfield>
  </datafield>
</record>