
<record>
  <datafield tag="037" ind1=" " ind2=" ">
    <subfield code="a">BUL-BN-2009-006</subfield>
  </datafield>
  <datafield tag="650" ind1="1" ind2="7">
    <subfield code="2">SzGeCERN</subfield>
    <subfield code="a">Breaking News</subfield>
  </datafield>
  <datafield tag="980" ind1=" " ind2=" ">
    <subfield code="a">BULLETINBREAKING</subfield>
  </datafield>
  <datafield tag="590" ind1=" " ind2=" ">
    <subfield code="b">&lt;div style="text-align: left;"> &lt;p>Le secteur 6-7 est à présent ramené à température ambiante et les travaux d’ouverture des interconnexions entre l’aimant défectueux et ses voisins ont commencé. L’aimant en question, qui présente une résistance élevée au niveau d’une connexion interne, sera retiré et inspecté. &lt;/p>&lt;p> Le premier prototype du nouveau système d’ancrage destiné à certaines des sections droites courtes a été installé sur un des aimants dans le tunnel. Les nouveaux supports sont destinés à renforcer les sections droites courtes comportant des barrières à vide. &lt;/p>&lt;p> Lors de l’incident survenu en septembre dernier dans le secteur 3-4, la pression exercée par l’hélium sur les barrières à vide avait fait sortir certaines sections droites courtes de leur ancrage, ce qui avait occasionné des dommages secondaires à une certaine distance à partir du point d’origine de l’incident. Comme le nouveau dispositif de protection contre la surpression, le nouveau système d’ancrage fait partie du programme de consolidation de la machine. &lt;/p>&lt;p> La production démarrera dès que le feu vert sera donné. Le nouveau système sera installé in situ sur tous les aimants concernés, 104 au total. &lt;/p>&lt;p> &lt;b>Examen du système de protection contre les transitions résistives&lt;/b>&lt;/p>&lt;p> La semaine dernière, le système de protection renforcée contre les transitions résistives a fait l’objet d’un examen complet par un groupe d’experts issus d’autres laboratoires de physique des hautes énergies dans le monde, notamment les laboratoires FNAL et BNL (États-Unis), DESY (Allemagne) et ITER. &lt;/p>&lt;p> Ce système de protection renforcée contre les transitions est constitué de deux éléments séparés : le premier permet de protéger les aimants en détectant les connexions présentant une résistance anormalement élevée, et le deuxième permet de détecter une éventuelle transition résistive symétrique. Le calendrier a été examiné de façon à définir des priorités entre ces deux éléments, qui doivent tous deux être mise en place avant le redémarrage fin septembre de cette année. &lt;/p>&lt;p> Cet examen a également porté sur différents points, tels que les détails techniques de la mise en place du nouveau système, la performance de celui-ci en exploitation et la robustesse du dispositif après des années de service. &lt;/p>&lt;p> Le groupe a établi un rapport préliminaire, dans lequel il fait part des ses constatations : « Les équipes chargées de la protection de la machine ont montré une compréhension approfondie des questions liées à la conception du système de détection des connexions à résistance élevée. » Le groupe est « convaincu que le nouveau système aura la capacité de donner rapidement l’alerte en cas de connexions suspectes, présentant une résistance mesurée de l’ordre de 1 nano-ohm. » Par ailleurs, « le système de protection contre les transitions résistives symétriques, une fois sa conception terminée, sera en mesure de détecter les transitions à un niveau deux fois supérieur au niveau de détection normal. »&lt;/p>&lt;p> On trouvera plus de précisions sur ce rapport, ainsi que sur le système de protection renforcée contre les transitions résistives, dans le prochain numéro du Bulletin. &lt;/p>&lt;/div></subfield>
  </datafield>
  <datafield tag="245" ind1=" " ind2=" ">
    <subfield code="a">The latest from the LHC</subfield>
  </datafield>
  <datafield tag="246" ind1=" " ind2="1">
    <subfield code="a">Dernières nouvelles du LHC</subfield>
  </datafield>
  <datafield tag="520" ind1=" " ind2=" ">
    <subfield code="b">&lt;div style="text-align: left;"> &lt;p> Sector 6-7 has now been warmed up to room temperature and work is starting to open the interconnections between the faulty magnet and its neighbours. The magnet, which was found to have high internal splice resistance, will be removed and investigated. &lt;/p>&lt;p> The first prototype for the new anchoring system for some of the short straight sections (SSS) has been installed on a magnet in the tunnel. The new supports will be fitted to the arc SSS that have vacuum barriers in order to provide extra strength. &lt;/p>&lt;p> During the incident in sector 3-4 last September, the pressure of released helium on the vacuum barriers caused some of the SSS to be moved from their anchoring, which caused collateral damage some distance from the original fault. Together with the new pressure relief system, the extra anchoring is part of the consolidation program for the machine. &lt;/p>&lt;p> Once the green light is given production will start immediately. The new system will be installed in all relevant magnets in the tunnel, 104 in total. &lt;/p>&lt;p> &lt;b>A review of the Quench Protection system&lt;/b>&lt;/p>&lt;p> Last week the Enhanced Quench Protection system had a full review from a panel made up of experts from other HEP labs from around the world, including the American laboratories FNAL and BNL, the German laboratory DESY and the ITER organization. &lt;/p>&lt;p> The Enhanced Quench Protection system has two separate parts: firstly to detect and protect against abnormally high resistance “splices” and secondly the detection of a symmetric quench. The planning schedule was reviewed in order to define priorities between these two parts, both of which need to be complete before the restart at the end of September this year. &lt;/p>&lt;p> The review also covered areas such as the technical details of the implementation of the new system, how well it will perform during operation and how ‘robust’ it will be after years of service. &lt;/p>&lt;p> In the preliminary report the panel found that: “The Machine Protection staff have demonstrated a deep understanding of the issues involved in the design of the High Resistance Splice Detection System.” It has “full confidence that the new system will have the ability to give early warnings for suspicious splices measured at the level of 1 nano-ohm.” And that “The Symmetric Quench Protection System, once its design is complete, will be able to detect quenches at twice the normal detection level.” &lt;/p>&lt;p> There will be more details on the Report, and the Enhanced Quench Protection system in the next issue of the Bulletin. &lt;/p>&lt;/div></subfield>
  </datafield>
  <datafield tag="650" ind1="2" ind2="7">
    <subfield code="a">Breaking News: The latest from the LHC</subfield>
  </datafield>
  <datafield tag="269" ind1=" " ind2=" ">
    <subfield code="c">06-03-2009</subfield>
  </datafield>
  <datafield tag="925" ind1=" " ind2=" ">
    <subfield code="a">03/06/2009</subfield>
    <subfield code="b">03/13/2009</subfield>
  </datafield>
</record>