
<record>
  <controlfield tag="003">SzGeCERN</controlfield>
  <controlfield tag="005">20050623151501.0</controlfield>
  <datafield tag="030" ind1=" " ind2=" ">
    <subfield code="a">CECOA2</subfield>
  </datafield>
  <datafield tag="035" ind1=" " ind2=" ">
    <subfield code="9">CERN annual report</subfield>
    <subfield code="a">1999-3.0851</subfield>
  </datafield>
  <datafield tag="035" ind1=" " ind2=" ">
    <subfield code="9">INSPEC</subfield>
    <subfield code="a">6365695</subfield>
  </datafield>
  <datafield tag="041" ind1=" " ind2=" ">
    <subfield code="a">eng</subfield>
  </datafield>
  <datafield tag="110" ind1=" " ind2=" ">
    <subfield code="a">CERN. Geneva</subfield>
  </datafield>
  <datafield tag="245" ind1=" " ind2=" ">
    <subfield code="a">Muon ring could act as a neutrino factory</subfield>
  </datafield>
  <datafield tag="260" ind1=" " ind2=" ">
    <subfield code="c">1999</subfield>
  </datafield>
  <datafield tag="520" ind1=" " ind2=" ">
    <subfield code="a">Neutrinos have always been in the particle physics spotlight. However, with new machine ideas opening up the possibility of intense neutrino sources, this area of research could go on to reveal further insights into the weakly $9 interacting particles, thereby complementing the detailed knowledge of the quark sector. Muons, which are heavy relatives of the electron, come in positively and negatively charged versions with properties that are broadly similar to $9 those of electrons. These oppositely charged beams could be made to collide with each other to produce a wealth of particles. As a result of their being more than 200 times as heavy as electrons, muons that are bent by a magnetic $9 guide field lose much less energy than electrons and could be housed in far smaller rings. Several generations of muon colliders could be accommodated on existing laboratory sites. (0 refs).</subfield>
  </datafield>
  <datafield tag="595" ind1=" " ind2=" ">
    <subfield code="a">SIS INSP99</subfield>
  </datafield>
  <datafield tag="595" ind1=" " ind2=" ">
    <subfield code="i">6365695</subfield>
  </datafield>
  <datafield tag="650" ind1="1" ind2="7">
    <subfield code="2">SzGeCERN</subfield>
    <subfield code="a">Accelerators and Storage Rings</subfield>
  </datafield>
  <datafield tag="690" ind1="C" ind2=" ">
    <subfield code="a">ARTICLE</subfield>
  </datafield>
  <datafield tag="690" ind1="C" ind2=" ">
    <subfield code="a">CERN</subfield>
  </datafield>
  <datafield tag="694" ind1=" " ind2=" ">
    <subfield code="9">INSPEC</subfield>
    <subfield code="a">A2920D (Storage rings).</subfield>
  </datafield>
  <datafield tag="695" ind1=" " ind2=" ">
    <subfield code="9">INSPEC</subfield>
    <subfield code="a">colliding-beam-accelerators</subfield>
  </datafield>
  <datafield tag="695" ind1=" " ind2=" ">
    <subfield code="9">INSPEC</subfield>
    <subfield code="a">muons</subfield>
  </datafield>
  <datafield tag="695" ind1=" " ind2=" ">
    <subfield code="9">INSPEC</subfield>
    <subfield code="a">neutrino-production</subfield>
  </datafield>
  <datafield tag="695" ind1=" " ind2=" ">
    <subfield code="9">INSPEC</subfield>
    <subfield code="a">storage-rings</subfield>
  </datafield>
  <datafield tag="710" ind1=" " ind2=" ">
    <subfield code="5">AS</subfield>
  </datafield>
  <datafield tag="773" ind1=" " ind2=" ">
    <subfield code="c">22-3</subfield>
    <subfield code="n">6</subfield>
    <subfield code="p">CERN Cour.</subfield>
    <subfield code="v">39</subfield>
    <subfield code="y">1999</subfield>
  </datafield>
  <datafield tag="856" ind1="4" ind2=" ">
    <subfield code="u">http://cerncourier.com/cws/archive/cern</subfield>
    <subfield code="y">CERN Courier server</subfield>
  </datafield>
  <datafield tag="901" ind1=" " ind2=" ">
    <subfield code="u">CERN</subfield>
  </datafield>
  <datafield tag="916" ind1=" " ind2=" ">
    <subfield code="s">n</subfield>
    <subfield code="w">199900</subfield>
    <subfield code="y">a1999</subfield>
  </datafield>
  <datafield tag="960" ind1=" " ind2=" ">
    <subfield code="a">13</subfield>
  </datafield>
  <datafield tag="961" ind1=" " ind2=" ">
    <subfield code="c">20100305</subfield>
    <subfield code="h">2001</subfield>
    <subfield code="l">CER01</subfield>
    <subfield code="x">19991129</subfield>
  </datafield>
  <datafield tag="963" ind1=" " ind2=" ">
    <subfield code="a">PUBLIC</subfield>
  </datafield>
  <datafield tag="970" ind1=" " ind2=" ">
    <subfield code="a">000337065CER</subfield>
  </datafield>
  <datafield tag="980" ind1=" " ind2=" ">
    <subfield code="a">ARTICLE</subfield>
  </datafield>
</record>