
<record>
  <datafield tag="037" ind1=" " ind2=" ">
    <subfield code="a">BUL-TD-2012-038</subfield>
  </datafield>
  <datafield tag="041" ind1=" " ind2=" ">
    <subfield code="a">en</subfield>
  </datafield>
  <datafield tag="041" ind1=" " ind2=" ">
    <subfield code="a">fr</subfield>
  </datafield>
  <datafield tag="100" ind1=" " ind2=" ">
    <subfield code="a"></subfield>
  </datafield>
  <datafield tag="245" ind1=" " ind2=" ">
    <subfield code="a">Communication course – places available</subfield>
  </datafield>
  <datafield tag="246" ind1=" " ind2="1">
    <subfield code="a">Cours de communication – places disponibles</subfield>
  </datafield>
  <datafield tag="260" ind1=" " ind2=" ">
    <subfield code="c">2012</subfield>
  </datafield>
  <datafield tag="269" ind1=" " ind2=" ">
    <subfield code="c">23/10/2012</subfield>
  </datafield>
  <datafield tag="520" ind1=" " ind2=" ">
    <subfield code="b">&lt;!--HTML-->&lt;!--HTML--> &lt;p class="articleHeader"> Please note that there are some places available in the following communication course starting in November.&lt;/p> &lt;p> For more information on the course, click on the course title, this will bring you to the training catalogue. You can then sign-up on line.&lt;/p> &lt;p> For advice, you can contact&lt;br /> Kerstin Fuhrmeister (70896) or &lt;a href="mailto:kerstin.fuhrmeister@cern.ch">kerstin.fuhrmeister@cern.ch&lt;/a>&lt;/p> &lt;table border="1" cellpadding="0" cellspacing="0"> &lt;tbody> &lt;tr> &lt;td style="width: 157px; height: 40px; background: none repeat scroll 0% 0% silver;"> &lt;p style="text-align: center;"> &lt;b>Course&lt;/b>&lt;/p> &lt;/td> &lt;td style="width: 102px; height: 40px; background: none repeat scroll 0% 0% silver;"> &lt;p style="text-align: center;"> &lt;b>Next session&lt;/b>&lt;/p> &lt;/td> &lt;td style="width: 102px; height: 40px; background: none repeat scroll 0% 0% silver;"> &lt;p style="text-align: center;"> &lt;b>Duration&lt;/b>&lt;/p> &lt;/td> &lt;td style="width: 102px; height: 40px; background: none repeat scroll 0% 0% silver;"> &lt;p style="text-align: center;"> &lt;b>Language&lt;/b>&lt;/p> &lt;/td> &lt;td style="width: 102px; height: 40px; background: none repeat scroll 0% 0% silver;"> &lt;p style="text-align: center;"> &lt;b>Availability&lt;/b>&lt;/p> &lt;/td> &lt;/tr> &lt;tr> &lt;td style="width: 157px; height: 40px;"> &lt;p style="text-align: center;"> &lt;a href="https://cta.cern.ch/cta2/f?p=110:9:809740510695014::::X_STATUS,XS_COURSE_NAME,XS_PROGRAMME,XS_SUBCATEGORY,X_COURSE_ID,XS_LANGUAGE,XS_SESSION:D,,6,,4413,B,">Gestion de temps&lt;/a>&lt;/p> &lt;/td> &lt;td style="width: 102px; height: 40px;"> &lt;p style="text-align: center;"> 22 November&lt;/p> &lt;/td> &lt;td style="width: 102px; height: 40px;"> &lt;p style="text-align: center;"> 3 days&lt;/p> &lt;/td> &lt;td style="width: 102px; height: 40px;"> &lt;p style="text-align: center;"> French&lt;/p> &lt;/td> &lt;td style="width: 102px; height: 40px;"> &lt;p style="text-align: center;"> 8 places&lt;/p> &lt;/td> &lt;/tr> &lt;/tbody> &lt;/table> &lt;p> &amp;nbsp;&lt;/p></subfield>
  </datafield>
  <datafield tag="590" ind1=" " ind2=" ">
    <subfield code="b">&lt;!--HTML-->&lt;!--HTML--> &lt;p class="articleHeader"> Il reste quelques places disponibles dans le cours de communication commen&amp;ccedil;ant fin novembre.&lt;/p> &lt;p> Pour plus d&amp;rsquo;informations sur ce cours, cliquez sur le titre, et vous serez dirig&amp;eacute; vers le catalogue de formation, o&amp;ugrave; vous pourrez &amp;eacute;galement vous inscrire.&lt;/p> &lt;p> Pour des conseils, vous pouvez vous adresser &amp;agrave; :&lt;br /> Kerstin Fuhrmeister (70896) ou &lt;a href="mailto:kerstin.fuhrmeister@cern.ch">kerstin.fuhrmeister@cern.ch&lt;/a>&lt;/p> &lt;table border="1" cellpadding="0" cellspacing="0"> &lt;tbody> &lt;tr> &lt;td style="width: 157px; height: 40px; background: none repeat scroll 0% 0% silver;"> &lt;p style="text-align: center;"> &lt;b>Cours&lt;/b>&lt;/p> &lt;/td> &lt;td style="width: 102px; height: 40px; background: none repeat scroll 0% 0% silver;"> &lt;p style="text-align: center;"> &lt;b>Prochaine session&lt;/b>&lt;/p> &lt;/td> &lt;td style="width: 102px; height: 40px; background: none repeat scroll 0% 0% silver;"> &lt;p style="text-align: center;"> &lt;b>Dur&amp;eacute;e&lt;/b>&lt;/p> &lt;/td> &lt;td style="width: 102px; height: 40px; background: none repeat scroll 0% 0% silver;"> &lt;p style="text-align: center;"> &lt;b>Langue&lt;/b>&lt;/p> &lt;/td> &lt;td style="width: 102px; height: 40px; background: none repeat scroll 0% 0% silver;"> &lt;p style="text-align: center;"> &lt;span style="font-weight: bold;">Places disponibles&lt;/span>&lt;/p> &lt;/td> &lt;/tr> &lt;tr> &lt;td style="width: 157px; height: 40px;"> &lt;p style="text-align: center;"> &lt;a href="https://cta.cern.ch/cta2/f?p=110:9:809740510695014::::X_STATUS,XS_COURSE_NAME,XS_PROGRAMME,XS_SUBCATEGORY,X_COURSE_ID,XS_LANGUAGE,XS_SESSION:D,,6,,4413,B,">Gestion de temps&lt;/a>&lt;/p> &lt;/td> &lt;td style="width: 102px; height: 40px;"> &lt;p style="text-align: center;"> 22 novembre&lt;/p> &lt;/td> &lt;td style="width: 102px; height: 40px;"> &lt;p style="text-align: center;"> 3 jours&lt;/p> &lt;/td> &lt;td style="width: 102px; height: 40px;"> &lt;p style="text-align: center;"> Fran&amp;ccedil;ais&lt;/p> &lt;/td> &lt;td style="width: 102px; height: 40px;"> &lt;p style="text-align: center;"> 8 places&lt;/p> &lt;/td> &lt;/tr> &lt;/tbody> &lt;/table> &lt;p> &amp;nbsp;&lt;/p></subfield>
  </datafield>
  <datafield tag="594" ind1=" " ind2=" ">
    <subfield code="a">NO</subfield>
  </datafield>
  <datafield tag="595" ind1=" " ind2=" ">
    <subfield code="a">CERN Bulletin</subfield>
  </datafield>
  <datafield tag="595" ind1=" " ind2=" ">
    <subfield code="a">noicon</subfield>
  </datafield>
  <datafield tag="691" ind1=" " ind2=" ">
    <subfield code="a">ONLINE</subfield>
  </datafield>
  <datafield tag="773" ind1=" " ind2=" ">
    <subfield code="c">1</subfield>
    <subfield code="n">43/2012</subfield>
    <subfield code="t">CERN Bulletin</subfield>
  </datafield>
  <datafield tag="773" ind1=" " ind2=" ">
    <subfield code="c"></subfield>
    <subfield code="n">44/2012</subfield>
    <subfield code="t">CERN Bulletin</subfield>
  </datafield>
  <datafield tag="773" ind1=" " ind2=" ">
    <subfield code="c"></subfield>
    <subfield code="n">45/2012</subfield>
    <subfield code="t">CERN Bulletin</subfield>
  </datafield>
  <datafield tag="773" ind1=" " ind2=" ">
    <subfield code="c"></subfield>
    <subfield code="n">46/2012</subfield>
    <subfield code="t">CERN Bulletin</subfield>
  </datafield>
  <datafield tag="859" ind1=" " ind2=" ">
    <subfield code="a"></subfield>
    <subfield code="f">student.journalist@cern.ch</subfield>
  </datafield>
  <datafield tag="980" ind1=" " ind2=" ">
    <subfield code="a">BULLETINTRAINING</subfield>
  </datafield>
</record>