
<record>
  <controlfield tag="005">20121126114843.0</controlfield>
  <datafield tag="024" ind1="8" ind2=" ">
    <subfield code="a">oai:cds.cern.ch:1489195</subfield>
    <subfield code="p">cerncds:THESES</subfield>
    <subfield code="p">cerncds:CERN</subfield>
  </datafield>
  <datafield tag="037" ind1=" " ind2=" ">
    <subfield code="a">CERN-THESIS-2012-150</subfield>
  </datafield>
  <datafield tag="041" ind1=" " ind2=" ">
    <subfield code="a">eng</subfield>
  </datafield>
  <datafield tag="100" ind1=" " ind2=" ">
    <subfield code="a">Verwilligen, Piet</subfield>
    <subfield code="u">Gent University</subfield>
  </datafield>
  <datafield tag="700" ind1=" " ind2=" ">
    <subfield code="a">Ryckbosch, Dirk</subfield>
    <subfield code="u">Gent University</subfield>
    <subfield code="e">dir.</subfield>
  </datafield>
  <datafield tag="700" ind1=" " ind2=" ">
    <subfield code="a">Tytgat, Michael</subfield>
    <subfield code="u">Gent University</subfield>
    <subfield code="e">dir.</subfield>
  </datafield>
  <datafield tag="245" ind1=" " ind2=" ">
    <subfield code="a">Data-driven determination of Z(vv) background to new-physics searches with jets and missing transverse momentum at CMS</subfield>
  </datafield>
  <datafield tag="500" ind1=" " ind2=" ">
    <subfield code="a">Presented 27 Apr 2012</subfield>
  </datafield>
  <datafield tag="502" ind1=" " ind2=" ">
    <subfield code="a">PhD</subfield>
    <subfield code="b">Gent, Gent University</subfield>
    <subfield code="c">2012-02-22</subfield>
  </datafield>
  <datafield tag="520" ind1=" " ind2=" ">
    <subfield code="a">The CMS experiment at the Large Hadron Collider is one of the biggest and most complex scientic instruments of our time, designed to elucidate the mechnism of electroweak symmetry breaking in the Standard Model of particle physics. This mechanism provides mass to the heavy gauge bosons and would result in a yet not discovered particle: the Higgs boson. Establishing or excluding the Higgs boson would be a major leap forward in High Energy Physics. At the time of writing, the CMS Collaboration is closing in on the detection or exclusion of this new particle. The discovery of the Higgs particle would be by no means the end of the story, since the Standard Model does not give any clue why the mass of the Higgs boson would be the value required by the current experimental constraints. Supersymmetry is a candidate framework to extend the Standard Model and would stabilize the mass of the Higgs boson. This theory predicts the existence of a supersymmetric partner particle for each of the existing Standard Model particles. This thesis describes the search for these new particles in proton-proton collisions recorded in 2010 with the LHC. The jets and missing transverse energy search for Supersymmetry is one of the most sensitive channels to look for these supersymmetric particles. This inclusive analysis is based on measuring very precisely the Standard Model backgrounds and looks for an excess of events. One of the largest backgrounds is the Z(vv )+jets production. In this thesis this background is estimated from data using photon + jet events, exploiting the electroweak correspondence between the photon and the Z-boson at high momenta. To study these possible physics processes, which have very low cross sections, an enormous amount of proton-proton collisions needs to be analysed. Since not all collisions can be stored on tape to be investigated, a two-level trigger was designed to select "online" the most interesting events. The muon trigger relies on dedicated muon timing detectors: Resistive Plate Chambers (RPCs), which not fully in place for the first run of LHC in 2010. In this thesis different upgrade scenarios for the RPC trigger have been studied. The outcome of this study was decisive for the RPC upgrade that will be installed in the first long shutdown of LHC.</subfield>
  </datafield>
  <datafield tag="595" ind1=" " ind2=" ">
    <subfield code="a">CERN EDS</subfield>
  </datafield>
  <datafield tag="650" ind1="1" ind2="7">
    <subfield code="a">Accelerators and Storage Rings</subfield>
    <subfield code="2">SzGeCERN</subfield>
  </datafield>
  <datafield tag="690" ind1="C" ind2=" ">
    <subfield code="a">CERN</subfield>
  </datafield>
  <datafield tag="690" ind1="C" ind2=" ">
    <subfield code="a">THESIS</subfield>
  </datafield>
  <datafield tag="693" ind1=" " ind2=" ">
    <subfield code="a">CERN LHC</subfield>
    <subfield code="e">CMS</subfield>
  </datafield>
  <datafield tag="710" ind1=" " ind2=" ">
    <subfield code="5">PH</subfield>
  </datafield>
  <datafield tag="856" ind1="4" ind2=" ">
    <subfield code="u">http://cdsweb.cern.ch/record/1489195/files/CERN-THESIS-2012-150.pdf</subfield>
    <subfield code="y">Fulltext</subfield>
  </datafield>
  <datafield tag="856" ind1="4" ind2=" ">
    <subfield code="u">http://cdsweb.cern.ch/record/1489195/files/CERN-THESIS-2012-150.pdf?subformat=pdfa</subfield>
    <subfield code="x">pdfa</subfield>
  </datafield>
  <datafield tag="859" ind1=" " ind2=" ">
    <subfield code="f">piet.verwilligen@cern.ch</subfield>
  </datafield>
  <datafield tag="909" ind1="C" ind2="O">
    <subfield code="o">oai:atlantis.cern.ch:1489195</subfield>
    <subfield code="p">cerncds:THESES</subfield>
    <subfield code="p">cerncds:CERN</subfield>
  </datafield>
  <datafield tag="916" ind1=" " ind2=" ">
    <subfield code="s">n</subfield>
    <subfield code="w">201243</subfield>
    <subfield code="y">a2012</subfield>
  </datafield>
  <datafield tag="960" ind1=" " ind2=" ">
    <subfield code="a">14</subfield>
  </datafield>
  <datafield tag="963" ind1=" " ind2=" ">
    <subfield code="a">PUBLIC</subfield>
  </datafield>
  <datafield tag="970" ind1=" " ind2=" ">
    <subfield code="a">000726911CER</subfield>
  </datafield>
  <datafield tag="980" ind1=" " ind2=" ">
    <subfield code="a">THESIS</subfield>
  </datafield>
</record>