
<record>
  <controlfield tag="003">SzGeCERN</controlfield>
  <controlfield tag="005">20121031165930.0</controlfield>
  <datafield tag="037" ind1=" " ind2=" ">
    <subfield code="a">CERN-OPEN-2007-031</subfield>
  </datafield>
  <datafield tag="041" ind1=" " ind2=" ">
    <subfield code="a">eng</subfield>
  </datafield>
  <datafield tag="100" ind1=" " ind2=" ">
    <subfield code="a">Unser, Klaus B</subfield>
    <subfield code="u">CERN</subfield>
  </datafield>
  <datafield tag="245" ind1=" " ind2=" ">
    <subfield code="a">Proposal for instrumentation to calibrate DCCT's up to 24 kA</subfield>
  </datafield>
  <datafield tag="260" ind1=" " ind2=" ">
    <subfield code="c">1994</subfield>
  </datafield>
  <datafield tag="269" ind1=" " ind2=" ">
    <subfield code="a">Geneva</subfield>
    <subfield code="b">CERN</subfield>
    <subfield code="c">16 Mar 1994</subfield>
  </datafield>
  <datafield tag="300" ind1=" " ind2=" ">
    <subfield code="a">9 p</subfield>
  </datafield>
  <datafield tag="520" ind1=" " ind2=" ">
    <subfield code="a">The zero flux DC Current Transformer (DCCT) originated in CERN about 25 years ago. It was developed as an instrument to measure beam currents, but the potential applications of measuring and regulating the electric currents in beam transport magnets are already mentioned in the first publications. The development work in CERN was always limited to beam instrumentation, with priorities on high resolution, fast response and large dynamic range. Beam currents covered the range from μA to 60 A. Beam lifetime measurements required a resolution of a few ppm (parts per million). This technology has many potential applications and is specially interesting for very high precision current measurements in the standards laboratories. Beam current monitors, developed at CERN in 1981 and again in 1990, became national primary standards in Germany, certified and operated by the PTB in Berlin. This note makes use of the existing know-how to present a new solution for precision current measurements in the SL-PC standards laboratory, with full scale ranges from 12 mA to 24 kA. The same technique could later be used to control the magnet currents in the LHC.</subfield>
  </datafield>
  <datafield tag="595" ind1=" " ind2=" ">
    <subfield code="a">CERN EDS</subfield>
  </datafield>
  <datafield tag="650" ind1="1" ind2="7">
    <subfield code="2">SzGeCERN</subfield>
    <subfield code="a">Accelerators and Storage Rings</subfield>
  </datafield>
  <datafield tag="690" ind1="C" ind2=" ">
    <subfield code="a">CERN</subfield>
  </datafield>
  <datafield tag="690" ind1="C" ind2=" ">
    <subfield code="a">PREPRINT</subfield>
  </datafield>
  <datafield tag="693" ind1=" " ind2=" ">
    <subfield code="a">XX</subfield>
    <subfield code="e">XX</subfield>
  </datafield>
  <datafield tag="710" ind1=" " ind2=" ">
    <subfield code="5">SL</subfield>
  </datafield>
  <datafield tag="859" ind1=" " ind2=" ">
    <subfield code="f">jens.vigen@cern.ch</subfield>
  </datafield>
  <datafield tag="909" ind1="C" ind2="O">
    <subfield code="o">oai:atlantis.cern.ch:1073485</subfield>
    <subfield code="p">cerncds:FULLTEXT</subfield>
    <subfield code="p">cerncds:CERN:FULLTEXT</subfield>
    <subfield code="p">cerncds:CERN</subfield>
  </datafield>
  <datafield tag="916" ind1=" " ind2=" ">
    <subfield code="s">n</subfield>
    <subfield code="w">200749</subfield>
  </datafield>
  <datafield tag="960" ind1=" " ind2=" ">
    <subfield code="a">11</subfield>
  </datafield>
  <datafield tag="961" ind1=" " ind2=" ">
    <subfield code="c">20100608</subfield>
    <subfield code="h">1157</subfield>
    <subfield code="l">CER01</subfield>
    <subfield code="x">20071206</subfield>
  </datafield>
  <datafield tag="963" ind1=" " ind2=" ">
    <subfield code="a">PUBLIC</subfield>
  </datafield>
  <datafield tag="970" ind1=" " ind2=" ">
    <subfield code="a">002729200CER</subfield>
  </datafield>
  <datafield tag="980" ind1=" " ind2=" ">
    <subfield code="a">PREPRINT</subfield>
  </datafield>
  <datafield tag="024" ind1="8" ind2=" ">
    <subfield code="a">oai:cds.cern.ch:1073485</subfield>
    <subfield code="p">cerncds:CERN</subfield>
  </datafield>
  <datafield tag="024" ind1="8" ind2=" ">
    <subfield code="a">oai:cds.cern.ch:1073485</subfield>
    <subfield code="p">cerncds:CERN:FULLTEXT</subfield>
  </datafield>
  <datafield tag="024" ind1="8" ind2=" ">
    <subfield code="p">cerncds:FULLTEXT</subfield>
  </datafield>
  <datafield tag="856" ind1="4" ind2=" ">
    <subfield code="u">http://documents.cern.ch/cgi-bin/setlink?base=preprint&amp;categ=cern&amp;id=cern-open-2007-031</subfield>
    <subfield code="y">Access to fulltext document</subfield>
  </datafield>
  <datafield tag="856" ind1="4" ind2=" ">
    <subfield code="u">http://cdsweb.cern.ch/record/1073485/files/open-2007-031.pdf</subfield>
    <subfield code="y">Access to fulltext document</subfield>
  </datafield>
</record>