
<record>
  <controlfield tag="003">SzGeCERN</controlfield>
  <controlfield tag="005">20130222151415.0</controlfield>
  <datafield tag="037" ind1=" " ind2=" ">
    <subfield code="a">CERN-ACC-NOTE-2013-020</subfield>
  </datafield>
  <datafield tag="041" ind1=" " ind2=" ">
    <subfield code="a">eng</subfield>
  </datafield>
  <datafield tag="110" ind1=" " ind2=" ">
    <subfield code="a">The HiLumi LHC Collaboration</subfield>
  </datafield>
  <datafield tag="245" ind1=" " ind2=" ">
    <subfield code="a">TEST</subfield>
  </datafield>
  <datafield tag="260" ind1=" " ind2=" ">
    <subfield code="c">2013</subfield>
  </datafield>
  <datafield tag="269" ind1=" " ind2=" ">
    <subfield code="a">Geneva</subfield>
    <subfield code="b">CERN</subfield>
    <subfield code="c">2013-02-12</subfield>
  </datafield>
  <datafield tag="536" ind1=" " ind2=" ">
    <subfield code="a">FP7</subfield>
    <subfield code="c">284404</subfield>
    <subfield code="f">HiLumiLHC</subfield>
    <subfield code="r">openAccess</subfield>
  </datafield>
  <datafield tag="595" ind1=" " ind2=" ">
    <subfield code="a">CERN Invenio WebSubmit</subfield>
    <subfield code="b">GENEU</subfield>
    <subfield code="c">0.1</subfield>
  </datafield>
  <datafield tag="650" ind1="1" ind2="7">
    <subfield code="a">Accelerators and Storage Rings</subfield>
    <subfield code="2">SzGeCERN</subfield>
  </datafield>
  <datafield tag="650" ind1="1" ind2="7">
    <subfield code="a">1: Project Management &amp; Technical Coordination</subfield>
    <subfield code="2">HiLumiLHC</subfield>
    <subfield code="b">WP</subfield>
  </datafield>
  <datafield tag="650" ind1="1" ind2="7">
    <subfield code="a">1.1: Management</subfield>
    <subfield code="2">HiLumiLHC</subfield>
    <subfield code="b">Task</subfield>
  </datafield>
  <datafield tag="690" ind1="C" ind2=" ">
    <subfield code="a">HiLumiLHC</subfield>
  </datafield>
  <datafield tag="690" ind1="C" ind2=" ">
    <subfield code="a">HiLumiLHCNOTE</subfield>
  </datafield>
  <datafield tag="856" ind1="4" ind2=" ">
    <subfield code="u">http://cdsdev.cern.ch/record/1493087/files/CERN-ACC-NOTE-2013-020-2.docx</subfield>
  </datafield>
  <datafield tag="856" ind1="4" ind2=" ">
    <subfield code="u">http://cdsdev.cern.ch/record/1493087/files/CERN-ACC-NOTE-2013-020.pdf</subfield>
  </datafield>
  <datafield tag="856" ind1="4" ind2=" ">
    <subfield code="u">http://cdsdev.cern.ch/record/1493087/files/CERN-ACC-NOTE-2013-020.gif?subformat=icon</subfield>
    <subfield code="x">icon</subfield>
  </datafield>
  <datafield tag="856" ind1="4" ind2=" ">
    <subfield code="u">http://cdsdev.cern.ch/record/1493087/files/CERN-ACC-NOTE-2013-020.pdf?subformat=pdfa</subfield>
    <subfield code="x">pdfa</subfield>
  </datafield>
  <datafield tag="859" ind1=" " ind2=" ">
    <subfield code="f">patrick.oliver.glauner@cern.ch</subfield>
  </datafield>
  <datafield tag="963" ind1=" " ind2=" ">
    <subfield code="a">PUBLIC</subfield>
  </datafield>
  <datafield tag="980" ind1=" " ind2=" ">
    <subfield code="b">HiLumiLHC</subfield>
  </datafield>
</record>