
<record>
  <controlfield tag="003">SzGeCERN</controlfield>
  <datafield tag="693" ind1=" " ind2=" ">
    <subfield code="a">CERN LHC</subfield>
    <subfield code="e">ALICE</subfield>
  </datafield>
  <datafield tag="690" ind1="C" ind2=" ">
    <subfield code="a">CERN</subfield>
  </datafield>
  <datafield tag="690" ind1="C" ind2=" ">
    <subfield code="a">INTNOTE</subfield>
  </datafield>
  <datafield tag="690" ind1="C" ind2=" ">
    <subfield code="a">PUBLALICE</subfield>
  </datafield>
  <datafield tag="269" ind1=" " ind2=" ">
    <subfield code="a">Geneva</subfield>
    <subfield code="b">CERN</subfield>
    <subfield code="c">2011</subfield>
  </datafield>
  <datafield tag="300" ind1=" " ind2=" ">
    <subfield code="a">8 p</subfield>
  </datafield>
  <datafield tag="980" ind1=" " ind2=" ">
    <subfield code="a">SCINOTEALICE</subfield>
  </datafield>
  <datafield tag="700" ind1=" " ind2=" ">
    <subfield code="a">Arnaldi, R</subfield>
    <subfield code="u">Turin, U.</subfield>
    <subfield code="u">INFN, Turin</subfield>
  </datafield>
  <datafield tag="700" ind1=" " ind2=" ">
    <subfield code="a">Bianchi, L</subfield>
    <subfield code="u">Turin, U.</subfield>
    <subfield code="u">INFN, Turin</subfield>
    <subfield code="u">Orsay, IPN </subfield>
  </datafield>
  <datafield tag="700" ind1=" " ind2=" ">
    <subfield code="a">Boyer, B</subfield>
    <subfield code="u">Orsay, IPN</subfield>
  </datafield>
  <datafield tag="700" ind1=" " ind2=" ">
    <subfield code="a">Gagliardi, M</subfield>
    <subfield code="u">Turin, U.</subfield>
    <subfield code="u">INFN, Turin</subfield>
  </datafield>
  <datafield tag="700" ind1=" " ind2=" ">
    <subfield code="a">Petrov, P R</subfield>
    <subfield code="u">Birmingham U. </subfield>
  </datafield>
  <datafield tag="700" ind1=" " ind2=" ">
    <subfield code="a">Scomparin, E</subfield>
    <subfield code="u">Turin, U.</subfield>
    <subfield code="u">INFN, Turin</subfield>
  </datafield>
  <datafield tag="700" ind1=" " ind2=" ">
    <subfield code="a">Suire, C</subfield>
    <subfield code="u">Orsay, IPN</subfield>
  </datafield>
  <datafield tag="700" ind1=" " ind2=" ">
    <subfield code="a">Tapia Takaki, J D</subfield>
    <subfield code="u">Orsay, IPN</subfield>
  </datafield>
  <datafield tag="856" ind1="4" ind2=" ">
    <subfield code="u">http://cdsweb.cern.ch/record/1388921/files/ALICE-Scientific-Note-2011-001.pdf</subfield>
  </datafield>
  <datafield tag="260" ind1=" " ind2=" ">
    <subfield code="c">2011</subfield>
  </datafield>
  <datafield tag="520" ind1=" " ind2=" ">
    <subfield code="a">This paper describes the different ways in which the luminosity can be determined. Several methods and algorithms are studied and compared to each other. As an example, the inclusive J/y !m+m− analysis in proton-proton interactions at a centre-of-mass energy ps = 7 TeV is discussed. Finally, the systematic uncertanties for each method are described.</subfield>
  </datafield>
  <datafield tag="650" ind1="1" ind2="7">
    <subfield code="a">XX</subfield>
    <subfield code="2">SzGeCERN</subfield>
  </datafield>
  <datafield tag="100" ind1=" " ind2=" ">
    <subfield code="a">Aphecetche, L</subfield>
    <subfield code="u">SUBATECH, Nantes</subfield>
  </datafield>
  <datafield tag="916" ind1=" " ind2=" ">
    <subfield code="s">h</subfield>
    <subfield code="w">201141</subfield>
  </datafield>
  <datafield tag="245" ind1=" " ind2=" ">
    <subfield code="a">Luminosity determination for the $J/\psi \to \mu^{+}\mu^{-}$ analysis in p+p interactions at $\sqrt{s}$=7 TeV</subfield>
  </datafield>
  <datafield tag="037" ind1=" " ind2=" ">
    <subfield code="a">ALICE-SCIENTIFIC-NOTE-2011-001</subfield>
  </datafield>
  <datafield tag="041" ind1=" " ind2=" ">
    <subfield code="a">eng</subfield>
  </datafield>
</record>