
<record>
  <controlfield tag="003">SzGeCERN</controlfield>
  <datafield tag="041" ind1=" " ind2=" ">
    <subfield code="a">eng</subfield>
  </datafield>
  <datafield tag="041" ind1=" " ind2=" ">
    <subfield code="a">fre</subfield>
  </datafield>
  <datafield tag="245" ind1=" " ind2=" ">
    <subfield code="a">CERN Review Committee, CRC</subfield>
    <subfield code="b">CRC tapes and diskettes</subfield>
  </datafield>
  <datafield tag="300" ind1=" " ind2=" ">
    <subfield code="a">10 cm</subfield>
  </datafield>
  <datafield tag="340" ind1=" " ind2=" ">
    <subfield code="a">Audio tape</subfield>
  </datafield>
  <datafield tag="340" ind1=" " ind2=" ">
    <subfield code="a">Diskette</subfield>
  </datafield>
  <datafield tag="490" ind1=" " ind2=" ">
    <subfield code="a">CERN-ARCH-CRC</subfield>
    <subfield code="v">Collection: CERN Review Committee, CRC</subfield>
  </datafield>
  <datafield tag="506" ind1=" " ind2=" ">
    <subfield code="a">Confidential</subfield>
  </datafield>
  <datafield tag="520" ind1=" " ind2=" ">
    <subfield code="a">Magnetic tapes(6): recording of opening session of CRC on 1986-09-08. Diskettes: all textes typed on Macintosh with listing of contents on paper.</subfield>
  </datafield>
  <datafield tag="541" ind1=" " ind2=" ">
    <subfield code="a">CRC (Abragam) files</subfield>
    <subfield code="d">1989-08-31</subfield>
    <subfield code="f">CERN Archive (evtl. Dubois, Simone)</subfield>
  </datafield>
  <datafield tag="595" ind1=" " ind2=" ">
    <subfield code="a">1.04.02</subfield>
  </datafield>
  <datafield tag="710" ind1=" " ind2=" ">
    <subfield code="a">CERN Review Committee</subfield>
  </datafield>
  <datafield tag="720" ind1=" " ind2=" ">
    <subfield code="a">Abragam, Anatole, Prof., Collège de France, Paris, Chairman (1986-1989)</subfield>
  </datafield>
  <datafield tag="852" ind1=" " ind2=" ">
    <subfield code="a">CERN Archives. Bldg. 61-S-001</subfield>
    <subfield code="c">B1241</subfield>
  </datafield>
  <datafield tag="916" ind1=" " ind2=" ">
    <subfield code="w">200319</subfield>
  </datafield>
  <datafield tag="925" ind1=" " ind2=" ">
    <subfield code="a">1986-09-08</subfield>
    <subfield code="b">1988-01-01</subfield>
  </datafield>
  <datafield tag="927" ind1=" " ind2=" ">
    <subfield code="a">CERN-ARCH-CRC-55</subfield>
  </datafield>
  <datafield tag="929" ind1=" " ind2=" ">
    <subfield code="a">Permanent</subfield>
  </datafield>
  <datafield tag="960" ind1=" " ind2=" ">
    <subfield code="a">01</subfield>
  </datafield>
  <datafield tag="961" ind1=" " ind2=" ">
    <subfield code="c">20080926</subfield>
    <subfield code="h">1125</subfield>
    <subfield code="l">ARC01</subfield>
    <subfield code="x">19920514</subfield>
  </datafield>
  <datafield tag="963" ind1=" " ind2=" ">
    <subfield code="a">PUBLIC</subfield>
  </datafield>
  <datafield tag="970" ind1=" " ind2=" ">
    <subfield code="a">000012982ARC</subfield>
  </datafield>
  <datafield tag="980" ind1=" " ind2=" ">
    <subfield code="a">ARC010402</subfield>
  </datafield>
</record>