
<record>
  <controlfield tag="005">20121126114307.0</controlfield>
  <datafield tag="595" ind1=" " ind2=" ">
    <subfield code="a">CERN EDS</subfield>
  </datafield>
  <datafield tag="980" ind1=" " ind2=" ">
    <subfield code="a">TOTEM_Papers</subfield>
  </datafield>
  <datafield tag="980" ind1=" " ind2=" ">
    <subfield code="a">PREPRINT</subfield>
  </datafield>
  <datafield tag="700" ind1=" " ind2=" ">
    <subfield code="a">Aspell, P.</subfield>
  </datafield>
  <datafield tag="700" ind1=" " ind2=" ">
    <subfield code="a">Atanassov, I.</subfield>
  </datafield>
  <datafield tag="700" ind1=" " ind2=" ">
    <subfield code="a">Avati, V.</subfield>
  </datafield>
  <datafield tag="700" ind1=" " ind2=" ">
    <subfield code="a">Baechler, J.</subfield>
  </datafield>
  <datafield tag="700" ind1=" " ind2=" ">
    <subfield code="a">Berardi, V.</subfield>
  </datafield>
  <datafield tag="700" ind1=" " ind2=" ">
    <subfield code="a">Berretti, M.</subfield>
  </datafield>
  <datafield tag="700" ind1=" " ind2=" ">
    <subfield code="a">Bossini, E.</subfield>
  </datafield>
  <datafield tag="700" ind1=" " ind2=" ">
    <subfield code="a">Bozzo, M.</subfield>
  </datafield>
  <datafield tag="700" ind1=" " ind2=" ">
    <subfield code="a">Brogi, P.</subfield>
  </datafield>
  <datafield tag="700" ind1=" " ind2=" ">
    <subfield code="a">Brucken, E.</subfield>
  </datafield>
  <datafield tag="700" ind1=" " ind2=" ">
    <subfield code="a">Buzzo, A.</subfield>
  </datafield>
  <datafield tag="700" ind1=" " ind2=" ">
    <subfield code="a">Cafagna, F.S.</subfield>
  </datafield>
  <datafield tag="700" ind1=" " ind2=" ">
    <subfield code="a">Calicchio, M.</subfield>
  </datafield>
  <datafield tag="700" ind1=" " ind2=" ">
    <subfield code="a">Catanesi, M.G.</subfield>
  </datafield>
  <datafield tag="700" ind1=" " ind2=" ">
    <subfield code="a">Covault, C.</subfield>
  </datafield>
  <datafield tag="700" ind1=" " ind2=" ">
    <subfield code="a">Csanad, M.</subfield>
  </datafield>
  <datafield tag="700" ind1=" " ind2=" ">
    <subfield code="a">Csorgo, T.</subfield>
  </datafield>
  <datafield tag="700" ind1=" " ind2=" ">
    <subfield code="a">Deile, M.</subfield>
  </datafield>
  <datafield tag="700" ind1=" " ind2=" ">
    <subfield code="a">Eggert, K.</subfield>
  </datafield>
  <datafield tag="700" ind1=" " ind2=" ">
    <subfield code="a">Eremin, V.</subfield>
  </datafield>
  <datafield tag="700" ind1=" " ind2=" ">
    <subfield code="a">Ferretti, R.</subfield>
  </datafield>
  <datafield tag="700" ind1=" " ind2=" ">
    <subfield code="a">Ferro, F.</subfield>
  </datafield>
  <datafield tag="700" ind1=" " ind2=" ">
    <subfield code="a">Fiergolski, A.</subfield>
  </datafield>
  <datafield tag="700" ind1=" " ind2=" ">
    <subfield code="a">Garcia, F.</subfield>
  </datafield>
  <datafield tag="700" ind1=" " ind2=" ">
    <subfield code="a">Giani, S.</subfield>
  </datafield>
  <datafield tag="700" ind1=" " ind2=" ">
    <subfield code="a">Greco, V.</subfield>
  </datafield>
  <datafield tag="700" ind1=" " ind2=" ">
    <subfield code="a">Grzanka, L.</subfield>
  </datafield>
  <datafield tag="700" ind1=" " ind2=" ">
    <subfield code="a">Heino, J.</subfield>
  </datafield>
  <datafield tag="700" ind1=" " ind2=" ">
    <subfield code="a">Hilden, T.</subfield>
  </datafield>
  <datafield tag="700" ind1=" " ind2=" ">
    <subfield code="a">Intonti, R.A.</subfield>
  </datafield>
  <datafield tag="700" ind1=" " ind2=" ">
    <subfield code="a">Kaspar, J.</subfield>
  </datafield>
  <datafield tag="700" ind1=" " ind2=" ">
    <subfield code="a">Kopal, J.</subfield>
  </datafield>
  <datafield tag="700" ind1=" " ind2=" ">
    <subfield code="a">Kundrat, V.</subfield>
  </datafield>
  <datafield tag="700" ind1=" " ind2=" ">
    <subfield code="a">Kurvinen, K.</subfield>
  </datafield>
  <datafield tag="700" ind1=" " ind2=" ">
    <subfield code="a">Lami, S.</subfield>
  </datafield>
  <datafield tag="700" ind1=" " ind2=" ">
    <subfield code="a">Latino, G.</subfield>
  </datafield>
  <datafield tag="700" ind1=" " ind2=" ">
    <subfield code="a">Lauhakangas, R.</subfield>
  </datafield>
  <datafield tag="700" ind1=" " ind2=" ">
    <subfield code="a">Leszko, T.</subfield>
  </datafield>
  <datafield tag="700" ind1=" " ind2=" ">
    <subfield code="a">Lippmaa, E.</subfield>
  </datafield>
  <datafield tag="700" ind1=" " ind2=" ">
    <subfield code="a">Lokajıcek, M.</subfield>
  </datafield>
  <datafield tag="700" ind1=" " ind2=" ">
    <subfield code="a">Lo Vetere, M.</subfield>
  </datafield>
  <datafield tag="700" ind1=" " ind2=" ">
    <subfield code="a">Macrı, M.</subfield>
  </datafield>
  <datafield tag="700" ind1=" " ind2=" ">
    <subfield code="a">Maki, T.</subfield>
  </datafield>
  <datafield tag="700" ind1=" " ind2=" ">
    <subfield code="a">Mercadante, A.</subfield>
  </datafield>
  <datafield tag="700" ind1=" " ind2=" ">
    <subfield code="a">Minafra, N.</subfield>
  </datafield>
  <datafield tag="700" ind1=" " ind2=" ">
    <subfield code="a">Minutoli, S.</subfield>
  </datafield>
  <datafield tag="700" ind1=" " ind2=" ">
    <subfield code="a">Nemes, F.</subfield>
  </datafield>
  <datafield tag="700" ind1=" " ind2=" ">
    <subfield code="a">Niewiadomski, H.</subfield>
  </datafield>
  <datafield tag="700" ind1=" " ind2=" ">
    <subfield code="a">Oliveri, E.</subfield>
  </datafield>
  <datafield tag="700" ind1=" " ind2=" ">
    <subfield code="a">Oljemark, F.</subfield>
  </datafield>
  <datafield tag="700" ind1=" " ind2=" ">
    <subfield code="a">Orava, R.</subfield>
  </datafield>
  <datafield tag="700" ind1=" " ind2=" ">
    <subfield code="a">Oriunno, M.</subfield>
  </datafield>
  <datafield tag="700" ind1=" " ind2=" ">
    <subfield code="a">Osterberg, K.</subfield>
  </datafield>
  <datafield tag="700" ind1=" " ind2=" ">
    <subfield code="a">Palazzi, P.</subfield>
  </datafield>
  <datafield tag="700" ind1=" " ind2=" ">
    <subfield code="a">Prochazka, J.</subfield>
  </datafield>
  <datafield tag="700" ind1=" " ind2=" ">
    <subfield code="a">Quinto, M.</subfield>
  </datafield>
  <datafield tag="700" ind1=" " ind2=" ">
    <subfield code="a">Radermacher, E.</subfield>
  </datafield>
  <datafield tag="700" ind1=" " ind2=" ">
    <subfield code="a">Radicioni, E.</subfield>
  </datafield>
  <datafield tag="700" ind1=" " ind2=" ">
    <subfield code="a">Ravotti, F.</subfield>
  </datafield>
  <datafield tag="700" ind1=" " ind2=" ">
    <subfield code="a">Robutti, E.</subfield>
  </datafield>
  <datafield tag="700" ind1=" " ind2=" ">
    <subfield code="a">Rodrıguez, F.L.</subfield>
  </datafield>
  <datafield tag="700" ind1=" " ind2=" ">
    <subfield code="a">Ropelewski, L.</subfield>
  </datafield>
  <datafield tag="700" ind1=" " ind2=" ">
    <subfield code="a">Ruggiero, G.</subfield>
  </datafield>
  <datafield tag="700" ind1=" " ind2=" ">
    <subfield code="a">Saarikko, H.</subfield>
  </datafield>
  <datafield tag="700" ind1=" " ind2=" ">
    <subfield code="a">Santroni, A.</subfield>
  </datafield>
  <datafield tag="700" ind1=" " ind2=" ">
    <subfield code="a">Scribano, A.</subfield>
  </datafield>
  <datafield tag="700" ind1=" " ind2=" ">
    <subfield code="a">Smajek, J.</subfield>
  </datafield>
  <datafield tag="700" ind1=" " ind2=" ">
    <subfield code="a">Snoeys, W.</subfield>
  </datafield>
  <datafield tag="700" ind1=" " ind2=" ">
    <subfield code="a">Sziklai, J.</subfield>
  </datafield>
  <datafield tag="700" ind1=" " ind2=" ">
    <subfield code="a">Taylor, C.</subfield>
  </datafield>
  <datafield tag="700" ind1=" " ind2=" ">
    <subfield code="a">Turini, N.</subfield>
  </datafield>
  <datafield tag="700" ind1=" " ind2=" ">
    <subfield code="a">Vacek, V.</subfield>
  </datafield>
  <datafield tag="700" ind1=" " ind2=" ">
    <subfield code="a">Vıtek, M.</subfield>
  </datafield>
  <datafield tag="700" ind1=" " ind2=" ">
    <subfield code="a">Welti, J.</subfield>
  </datafield>
  <datafield tag="700" ind1=" " ind2=" ">
    <subfield code="a">Whitmore, J.</subfield>
  </datafield>
  <datafield tag="037" ind1=" " ind2=" ">
    <subfield code="a">CERN-PH-EP-2012-239</subfield>
  </datafield>
  <datafield tag="693" ind1=" " ind2=" ">
    <subfield code="a">CERN LHC</subfield>
    <subfield code="e">TOTEM</subfield>
  </datafield>
  <datafield tag="690" ind1="C" ind2=" ">
    <subfield code="a">CERN</subfield>
  </datafield>
  <datafield tag="690" ind1="C" ind2=" ">
    <subfield code="a">PREPRINT</subfield>
  </datafield>
  <datafield tag="859" ind1=" " ind2=" ">
    <subfield code="f">gabriella.catanesi@cern.ch</subfield>
  </datafield>
  <datafield tag="542" ind1=" " ind2=" ">
    <subfield code="d">CERN</subfield>
    <subfield code="g">2012</subfield>
  </datafield>
  <datafield tag="540" ind1=" " ind2=" ">
    <subfield code="a">CC-BY-3.0</subfield>
    <subfield code="b">CERN</subfield>
    <subfield code="u">http://creativecommons.org/licenses/by/3.0/</subfield>
  </datafield>
  <datafield tag="520" ind1=" " ind2=" ">
    <subfield code="a">At the LHC energy of $sqrt$ s = 7TeV, under various beam and background conditions, luminosities, and Roman Pot positions, TOTEM has measured the differential cross-section for proton-proton elastic scattering as a function of the four-momentum transfer squared t. The results of the different analyses are in excellent agreement demonstrating no sizeable dependence on the beam conditions. Due to the very close approach of the Roman Pot detectors to the beam center ( around 5 $sigma$ beam) in a dedicated run with $beta$* = 90m, abs(t)-values down to 5 10**-3 GeV**2 were reached. The exponential slope of the differential elastic cross-section in this newly explored abs(t)-region remained unchanged and thus an exponential fit with only one constant B = (19.90+/-0.3)GeV-2 over the large abs(t)-range from 0.005 to 0.2GeV**2 describes the differential distribution well. The high precision of the measurement and the large fit range lead to an error on the slope parameter B which is remarkably small compared to previous experiments. It allows a precise extrapolation over the non-visible cross-section (only 9%) to t = 0. With the luminosity from CMS, the elastic cross-section was determined to be (25.4 +/- 1.1)mb, and using in addition the optical theorem, the total pp cross-section was derived to be (98.6 +/-2.2)mb. For model comparisons the t-distributions are tabulated including the large abs(t)-range of the previous measurement.</subfield>
  </datafield>
  <datafield tag="653" ind1="1" ind2=" ">
    <subfield code="9">CERN</subfield>
    <subfield code="a">forward physics</subfield>
  </datafield>
  <datafield tag="653" ind1="1" ind2=" ">
    <subfield code="9">CERN</subfield>
    <subfield code="a">minimum bias</subfield>
  </datafield>
  <datafield tag="653" ind1="1" ind2=" ">
    <subfield code="9">CERN</subfield>
    <subfield code="a">experimental results</subfield>
  </datafield>
  <datafield tag="653" ind1="1" ind2=" ">
    <subfield code="9">CERN</subfield>
    <subfield code="a">elastic cross-sections</subfield>
  </datafield>
  <datafield tag="650" ind1="1" ind2="7">
    <subfield code="2">SzGeCERN</subfield>
    <subfield code="a">Particle Physics - Experiment</subfield>
  </datafield>
  <datafield tag="506" ind1=" " ind2=" ">
    <subfield code="d">cds-edboard-totem@cern.ch</subfield>
  </datafield>
  <datafield tag="506" ind1=" " ind2=" ">
    <subfield code="m">cds-edboard-totem [CERN]</subfield>
  </datafield>
  <datafield tag="506" ind1=" " ind2=" ">
    <subfield code="m">cds-ph-ep-publications-referee [CERN]</subfield>
  </datafield>
  <datafield tag="916" ind1=" " ind2=" ">
    <subfield code="s">n</subfield>
    <subfield code="w">201233</subfield>
  </datafield>
  <datafield tag="960" ind1=" " ind2=" ">
    <subfield code="a">11</subfield>
  </datafield>
  <datafield tag="088" ind1=" " ind2=" ">
    <subfield code="9">CERN-PH-EP-DRAFT-TOTEM-2012-002</subfield>
  </datafield>
  <datafield tag="269" ind1=" " ind2=" ">
    <subfield code="a">Geneva</subfield>
    <subfield code="b">CERN</subfield>
    <subfield code="c">14 Aug 2012</subfield>
  </datafield>
  <datafield tag="300" ind1=" " ind2=" ">
    <subfield code="a">12</subfield>
  </datafield>
  <datafield tag="562" ind1=" " ind2=" ">
    <subfield code="c">Public comments</subfield>
  </datafield>
  <datafield tag="856" ind1="4" ind2=" ">
    <subfield code="u">http://cdsweb.cern.ch/record/1472948/files/CERN-PH-EP-2012-239.pdf</subfield>
  </datafield>
  <datafield tag="856" ind1="4" ind2=" ">
    <subfield code="u">http://cdsweb.cern.ch/record/1472948/files/CERN-PH-EP-DRAFT-TOTEM-2012-002 - draft.pdf</subfield>
    <subfield code="y">Draft (restricted)</subfield>
    <subfield code="z">Stamped by WebSubmit: 17/08/2012</subfield>
  </datafield>
  <datafield tag="710" ind1=" " ind2=" ">
    <subfield code="5">PH</subfield>
  </datafield>
  <datafield tag="710" ind1=" " ind2=" ">
    <subfield code="g">TOTEM collaboration</subfield>
  </datafield>
  <datafield tag="245" ind1=" " ind2=" ">
    <subfield code="a">Measurement of proton-proton elastic scattering and total cross-section at $sqrt$  s = 7 TeV</subfield>
  </datafield>
  <datafield tag="024" ind1="8" ind2=" ">
    <subfield code="a">oai:cds.cern.ch:1472948</subfield>
    <subfield code="p">cerncds:CERN</subfield>
  </datafield>
  <datafield tag="260" ind1=" " ind2=" ">
    <subfield code="c">2012</subfield>
  </datafield>
  <datafield tag="100" ind1=" " ind2=" ">
    <subfield code="a">Antchev, G.</subfield>
  </datafield>
  <datafield tag="041" ind1=" " ind2=" ">
    <subfield code="a">eng</subfield>
  </datafield>
  <datafield tag="903" ind1="1" ind2=" ">
    <subfield code="a">Approval requested for number CERN-PH-EP-2012-239</subfield>
    <subfield code="b">CERN-PH-EP-2012-239</subfield>
    <subfield code="c">EPPHAPP</subfield>
    <subfield code="d">2012-08-14 19:00:12</subfield>
    <subfield code="e">2012-08-16 19:00:12</subfield>
    <subfield code="f">gabriella.catanesi@cern.ch</subfield>
    <subfield code="s">waiting</subfield>
  </datafield>
  <datafield tag="903" ind1="1" ind2=" ">
    <subfield code="a">Document approved</subfield>
    <subfield code="b">CERN-PH-EP-2012-239</subfield>
    <subfield code="c">EPPHAPP</subfield>
    <subfield code="d">2012-08-17 10:06:17</subfield>
    <subfield code="f">gabriella.catanesi@cern.ch</subfield>
    <subfield code="s">approved</subfield>
  </datafield>
  <datafield tag="909" ind1="C" ind2="O">
    <subfield code="o">oai:atlantis.cern.ch:1472948</subfield>
    <subfield code="p">cerncds:CERN</subfield>
  </datafield>
</record>