
<record>
  <datafield tag="037" ind1=" " ind2=" ">
    <subfield code="a">ATLAS-PLOT-PHYS-2011-001</subfield>
  </datafield>
  <datafield tag="041" ind1=" " ind2=" ">
    <subfield code="a">eng</subfield>
  </datafield>
  <datafield tag="100" ind1=" " ind2=" ">
    <subfield code="a">Koeneke, K</subfield>
    <subfield code="u">CERN</subfield>
  </datafield>
  <datafield tag="700" ind1=" " ind2=" ">
    <subfield code="a">Elsing, M</subfield>
    <subfield code="u">CERN</subfield>
  </datafield>
  <datafield tag="700" ind1=" " ind2=" ">
    <subfield code="a">Lampl, W</subfield>
    <subfield code="u">Arizona</subfield>
  </datafield>
  <datafield tag="245" ind1=" " ind2=" ">
    <subfield code="a">ATLAS Fast Physics Monitoring</subfield>
  </datafield>
  <datafield tag="260" ind1=" " ind2=" ">
    <subfield code="c">2011</subfield>
  </datafield>
  <datafield tag="269" ind1=" " ind2=" ">
    <subfield code="b">CERN</subfield>
    <subfield code="a">Geneva</subfield>
    <subfield code="c">11 Aug 2011</subfield>
  </datafield>
  <datafield tag="300" ind1=" " ind2=" ">
    <subfield code="a">mult. p</subfield>
  </datafield>
  <datafield tag="506" ind1=" " ind2=" ">
    <subfield code="a">ATLAS Commenting</subfield>
    <subfield code="d">cds-atlas-plot-phys-2011-001</subfield>
  </datafield>
  <datafield tag="520" ind1=" " ind2=" ">
    <subfield code="a">&lt;!--HTML-->&lt;p> The ATLAS Experiment at the LHC is recording data from proton-proton collisions with 7 TeV centre-of-mass energy since spring 2010. The integrated luminosity has grown nearly exponentially since then. The&lt;br /> ATLAS collaboration has set up a framework to automatically scan for signatures of new physics in the rapidly growing data. The system is designed to give fast feedback. The histograms are produced within hours of the data reconstruction (two to three days after the data was taken). Hints&amp;nbsp; of potentially interesting physics signals obtained this way are followed up by the physics groups.&amp;nbsp;The poster will report about the technical aspects of the Fast Physics Monitoring framework. Some example plots will be shown as well to illustrate the results.&lt;/p></subfield>
  </datafield>
  <datafield tag="595" ind1=" " ind2=" ">
    <subfield code="a">CERN EDS</subfield>
  </datafield>
  <datafield tag="650" ind1="1" ind2="7">
    <subfield code="a">Detectors and Experimental Techniques</subfield>
    <subfield code="2">SzGeCERN</subfield>
  </datafield>
  <datafield tag="650" ind1="2" ind2="7">
    <subfield code="2">ATLAS</subfield>
    <subfield code="a">Physics</subfield>
  </datafield>
  <datafield tag="653" ind1="1" ind2=" ">
    <subfield code="9">CERN</subfield>
    <subfield code="a">Fast Physics Monitoring</subfield>
  </datafield>
  <datafield tag="653" ind1="1" ind2=" ">
    <subfield code="9">CERN</subfield>
    <subfield code="a">SM</subfield>
  </datafield>
  <datafield tag="653" ind1="1" ind2=" ">
    <subfield code="9">CERN</subfield>
    <subfield code="a">TOP</subfield>
  </datafield>
  <datafield tag="653" ind1="1" ind2=" ">
    <subfield code="9">CERN</subfield>
    <subfield code="a">SUSY</subfield>
  </datafield>
  <datafield tag="653" ind1="1" ind2=" ">
    <subfield code="9">CERN</subfield>
    <subfield code="a">HIGGS</subfield>
  </datafield>
  <datafield tag="653" ind1="1" ind2=" ">
    <subfield code="9">CERN</subfield>
    <subfield code="a">EXOTICS</subfield>
  </datafield>
  <datafield tag="690" ind1="C" ind2=" ">
    <subfield code="a">CERN</subfield>
  </datafield>
  <datafield tag="690" ind1="C" ind2=" ">
    <subfield code="a">PLOT</subfield>
  </datafield>
  <datafield tag="690" ind1="C" ind2=" ">
    <subfield code="a">PRIVATLASPLOT</subfield>
  </datafield>
  <datafield tag="690" ind1="C" ind2=" ">
    <subfield code="a">ATLASPLOTPHYS</subfield>
  </datafield>
  <datafield tag="693" ind1=" " ind2=" ">
    <subfield code="a">CERN LHC</subfield>
    <subfield code="e">ATLAS</subfield>
  </datafield>
  <datafield tag="710" ind1=" " ind2=" ">
    <subfield code="5">PH-EP</subfield>
  </datafield>
  <datafield tag="710" ind1=" " ind2=" ">
    <subfield code="g">ATLAS Collaboration</subfield>
  </datafield>
  <datafield tag="856" ind1="4" ind2=" ">
    <subfield code="u">http://cdsweb.cern.ch/record/1374648/files/dielectronMass_logy.pdf</subfield>
    <subfield code="y">Di-electron mass (TAG)</subfield>
    <subfield code="z">Invariant di-electron mass spectrum obtained from the Fast Physics Monitoring automatic framework based on TAG files. The data shown corresponds to the same data period presented at EPS2011 and published in [ATLAS Collaboration. Search for dilepton resonances in pp collisions at sqrt(s) = 7 TeV with the ATLAS detector. 2011, 1108.1582], except that all events corresponding the the data quality flag ``ATLAS Ready'' are used.</subfield>
  </datafield>
  <datafield tag="856" ind1="4" ind2=" ">
    <subfield code="u">http://cdsweb.cern.ch/record/1374648/files/dimuonMass_logy.pdf</subfield>
    <subfield code="y">Di-muon mass (AOD)</subfield>
    <subfield code="z">Invariant di-muon mass spectrum obtained from the Fast Physics Monitoring automatic framework based on AOD files. The data shown corresponds to the same data sample presented at EPS2011 and published in [ATLAS Collaboration. Search for dilepton resonances in pp collisions at sqrt(s) = 7 TeV with the ATLAS detector. 2011, 1108.1582].</subfield>
  </datafield>
  <datafield tag="856" ind1="4" ind2=" ">
    <subfield code="u">http://cdsweb.cern.ch/record/1374648/files/dielectronMass_logy.gif?subformat=icon</subfield>
    <subfield code="x">icon</subfield>
    <subfield code="y">Di-electron mass (TAG)</subfield>
    <subfield code="z">Invariant di-electron mass spectrum obtained from the Fast Physics Monitoring automatic framework based on TAG files. The data shown corresponds to the same data period presented at EPS2011 and published in [ATLAS Collaboration. Search for dilepton resonances in pp collisions at sqrt(s) = 7 TeV with the ATLAS detector. 2011, 1108.1582], except that all events corresponding the the data quality flag ``ATLAS Ready'' are used.</subfield>
  </datafield>
  <datafield tag="856" ind1="4" ind2=" ">
    <subfield code="u">http://cdsweb.cern.ch/record/1374648/files/dimuonMass_logy.gif?subformat=icon</subfield>
    <subfield code="x">icon</subfield>
    <subfield code="y">Di-muon mass (AOD)</subfield>
    <subfield code="z">Invariant di-muon mass spectrum obtained from the Fast Physics Monitoring automatic framework based on AOD files. The data shown corresponds to the same data sample presented at EPS2011 and published in [ATLAS Collaboration. Search for dilepton resonances in pp collisions at sqrt(s) = 7 TeV with the ATLAS detector. 2011, 1108.1582].</subfield>
  </datafield>
  <datafield tag="859" ind1=" " ind2=" ">
    <subfield code="f">karstenkoeneke@gmail.com</subfield>
  </datafield>
  <datafield tag="916" ind1=" " ind2=" ">
    <subfield code="s">n</subfield>
    <subfield code="w">201132</subfield>
  </datafield>
  <datafield tag="960" ind1=" " ind2=" ">
    <subfield code="a">12</subfield>
  </datafield>
  <datafield tag="963" ind1=" " ind2=" ">
    <subfield code="a">PUBLIC</subfield>
  </datafield>
  <datafield tag="980" ind1=" " ind2=" ">
    <subfield code="a">PRIVATLASPLOT</subfield>
  </datafield>
</record>