
<record>
  <controlfield tag="003">SzGeCERN</controlfield>
  <controlfield tag="005">20121126114641.0</controlfield>
  <datafield tag="024" ind1="8" ind2=" ">
    <subfield code="a">oai:cds.cern.ch:1483212</subfield>
    <subfield code="p">cerncds:THESES</subfield>
    <subfield code="p">cerncds:CERN</subfield>
  </datafield>
  <datafield tag="693" ind1=" " ind2=" ">
    <subfield code="a">CERN LEP</subfield>
    <subfield code="e">ALEPH</subfield>
  </datafield>
  <datafield tag="690" ind1="C" ind2=" ">
    <subfield code="a">CERN</subfield>
  </datafield>
  <datafield tag="690" ind1="C" ind2=" ">
    <subfield code="a">THESIS</subfield>
  </datafield>
  <datafield tag="595" ind1=" " ind2=" ">
    <subfield code="a">no fulltext - 4 oct 2012 - cc</subfield>
  </datafield>
  <datafield tag="980" ind1=" " ind2=" ">
    <subfield code="a">THESIS</subfield>
  </datafield>
  <datafield tag="856" ind1="4" ind2=" ">
    <subfield code="u">http://irfu.cea.fr/Documentation/Theses/consultation_theses.php?id_service=11</subfield>
    <subfield code="y">IRFU server</subfield>
  </datafield>
  <datafield tag="909" ind1="C" ind2="O">
    <subfield code="o">oai:atlantis.cern.ch:1483212</subfield>
    <subfield code="p">cerncds:THESES</subfield>
    <subfield code="p">cerncds:CERN</subfield>
  </datafield>
  <datafield tag="245" ind1=" " ind2=" ">
    <subfield code="a">Détermination du nombre de familles de neutrinos légers expérience ALEPH</subfield>
  </datafield>
  <datafield tag="500" ind1=" " ind2=" ">
    <subfield code="a">presented 25 Feb 1991</subfield>
  </datafield>
  <datafield tag="650" ind1="1" ind2="7">
    <subfield code="2">SzGeCERN</subfield>
    <subfield code="a">Particle Physics - Experiment</subfield>
  </datafield>
  <datafield tag="242" ind1=" " ind2=" ">
    <subfield code="a">Determination of the number of families of light neutrinos experiment ALEPH</subfield>
  </datafield>
  <datafield tag="960" ind1=" " ind2=" ">
    <subfield code="a">14</subfield>
  </datafield>
  <datafield tag="100" ind1=" " ind2=" ">
    <subfield code="a">Mirabito, L</subfield>
    <subfield code="u">U. Mediterranee, Aix-Marseille II</subfield>
  </datafield>
  <datafield tag="502" ind1=" " ind2=" ">
    <subfield code="a">PhD</subfield>
    <subfield code="b">U. Mediterranee, Aix-Marseille II</subfield>
    <subfield code="c">1991</subfield>
  </datafield>
  <datafield tag="037" ind1=" " ind2=" ">
    <subfield code="a">CERN-THESIS-?</subfield>
  </datafield>
  <datafield tag="041" ind1=" " ind2=" ">
    <subfield code="a">fre</subfield>
  </datafield>
</record>