
<record>
  <controlfield tag="003">SzGeCERN</controlfield>
  <datafield tag="037" ind1=" " ind2=" ">
    <subfield code="a">CMS-AN-2008-077</subfield>
  </datafield>
  <datafield tag="041" ind1=" " ind2=" ">
    <subfield code="a">eng</subfield>
  </datafield>
  <datafield tag="088" ind1=" " ind2=" ">
    <subfield code="a">CERN-CMS-AN-2008-077</subfield>
  </datafield>
  <datafield tag="100" ind1=" " ind2=" ">
    <subfield code="a">Mozer, Matthias U </subfield>
    <subfield code="j">CCID-665072</subfield>
    <subfield code="i">INSPIRE-00314864</subfield>
    <subfield code="u">CERN</subfield>
  </datafield>
  <datafield tag="245" ind1=" " ind2=" ">
    <subfield code="a">The High Energy Electron Pair Analysis: An Experience of Integration and Improvements</subfield>
  </datafield>
  <datafield tag="260" ind1=" " ind2=" ">
    <subfield code="c"> 2008</subfield>
  </datafield>
  <datafield tag="269" ind1=" " ind2=" ">
    <subfield code="a">Geneva</subfield>
    <subfield code="b">CERN</subfield>
    <subfield code="c">15 Sep 2008</subfield>
  </datafield>
  <datafield tag="300" ind1=" " ind2=" ">
    <subfield code="a">21 p</subfield>
  </datafield>
  <datafield tag="520" ind1=" " ind2=" ">
    <subfield code="a">This note describes an analysis exercise which gathers the pieces of the HEEP high mass dielectron search, integrates them into a unified analysis and improves the previously available methods where possible. The exercise is performed using the CMS CSA07 ``soup" Monte Carlo production, which includes the signal and all expected standard model processes. From the full samples a pseudo-experiment corresponding to 100~pb$^{-1}$ of integrated luminosity is drawn and used for all analysis steps.</subfield>
  </datafield>
  <datafield tag="595" ind1=" " ind2=" ">
    <subfield code="a">CERN EDS</subfield>
  </datafield>
  <datafield tag="650" ind1="1" ind2="7">
    <subfield code="2">SzGeCERN</subfield>
    <subfield code="a">Detectors and Experimental Techniques</subfield>
  </datafield>
  <datafield tag="690" ind1="C" ind2=" ">
    <subfield code="a">INTNOTE</subfield>
  </datafield>
  <datafield tag="690" ind1="C" ind2=" ">
    <subfield code="a">CERN</subfield>
  </datafield>
  <datafield tag="690" ind1="C" ind2=" ">
    <subfield code="a">PUBLCMS</subfield>
  </datafield>
  <datafield tag="693" ind1=" " ind2=" ">
    <subfield code="a">CERN LHC</subfield>
    <subfield code="e">CMS</subfield>
  </datafield>
  <datafield tag="700" ind1=" " ind2=" ">
    <subfield code="a">Charaf, Otman</subfield>
    <subfield code="j">CCID-661114</subfield>
    <subfield code="i">INSPIRE-00308170</subfield>
    <subfield code="u">Alabama U.</subfield>
  </datafield>
  <datafield tag="700" ind1=" " ind2=" ">
    <subfield code="a">Clerbaux, Barbara</subfield>
    <subfield code="j">CCID-382848</subfield>
    <subfield code="i">INSPIRE-00314890</subfield>
    <subfield code="u">Brussels U.</subfield>
  </datafield>
  <datafield tag="700" ind1=" " ind2=" ">
    <subfield code="a">De Lentdecker, Gilles W P </subfield>
    <subfield code="j">CCID-485056</subfield>
    <subfield code="i">INSPIRE-00048600</subfield>
    <subfield code="u">Brussels U.</subfield>
  </datafield>
  <datafield tag="700" ind1=" " ind2=" ">
    <subfield code="a">Dero, Vincent</subfield>
    <subfield code="j">CCID-674968</subfield>
    <subfield code="i">INSPIRE-00308479</subfield>
    <subfield code="u">Brussels U.</subfield>
  </datafield>
  <datafield tag="700" ind1=" " ind2=" ">
    <subfield code="a">Elgammal, Sherif</subfield>
    <subfield code="j">CCID-664444</subfield>
    <subfield code="i">INSPIRE-00308731</subfield>
    <subfield code="u">Cairo, Acad. Sci. Res. Tech.</subfield>
  </datafield>
  <datafield tag="700" ind1=" " ind2=" ">
    <subfield code="a">Marage, Pierre Edouard</subfield>
    <subfield code="j">CCID-609158</subfield>
    <subfield code="i">INSPIRE-00104576</subfield>
    <subfield code="u">Brussels U.</subfield>
  </datafield>
  <datafield tag="700" ind1=" " ind2=" ">
    <subfield code="a">Vanlaer, Pascal</subfield>
    <subfield code="j">CCID-438308</subfield>
    <subfield code="i">INSPIRE-00314471</subfield>
    <subfield code="u">Brussels U.</subfield>
  </datafield>
  <datafield tag="710" ind1=" " ind2=" ">
    <subfield code="5">PH</subfield>
  </datafield>
  <datafield tag="856" ind1="4" ind2=" ">
    <subfield code="u">http://cdsweb.cern.ch/record/1477709/files/AN2008_077.pdf</subfield>
  </datafield>
  <datafield tag="916" ind1=" " ind2=" ">
    <subfield code="s">n</subfield>
    <subfield code="w">201237</subfield>
  </datafield>
  <datafield tag="963" ind1=" " ind2=" ">
    <subfield code="a">PUBLIC</subfield>
  </datafield>
  <datafield tag="980" ind1=" " ind2=" ">
    <subfield code="a">CMS-ANALYSIS-NOTES</subfield>
  </datafield>
</record>
<record>
  <datafield tag="037" ind1=" " ind2=" ">
    <subfield code="a">CERN-STAFF-RULES-ED10</subfield>
  </datafield>
  <datafield tag="041" ind1=" " ind2=" ">
    <subfield code="a">eng</subfield>
  </datafield>
  <datafield tag="041" ind1=" " ind2=" ">
    <subfield code="a">fr</subfield>
  </datafield>
  <datafield tag="260" ind1=" " ind2=" ">
    <subfield code="c">1996</subfield>
  </datafield>
  <datafield tag="269" ind1=" " ind2=" ">
    <subfield code="b">CERN</subfield>
    <subfield code="a">Geneva</subfield>
    <subfield code="c">01 Jan 1996</subfield>
  </datafield>
  <datafield tag="270" ind1=" " ind2=" ">
    <subfield code="m">Hr-Head.Office@cern.ch</subfield>
  </datafield>
  <datafield tag="710" ind1=" " ind2=" ">
    <subfield code="5">HR</subfield>
  </datafield>
  <datafield tag="773" ind1=" " ind2=" ">
    <subfield code="t">HR</subfield>
  </datafield>
  <datafield tag="925" ind1=" " ind2=" ">
    <subfield code="a">1996-01-01</subfield>
    <subfield code="b">9999-12-31</subfield>
  </datafield>
  <datafield tag="980" ind1=" " ind2=" ">
    <subfield code="a">STAFFRULES</subfield>
  </datafield>
  <datafield tag="856" ind1="4" ind2=" ">
    <subfield code="u">http://cdsweb.cern.ch/record/1280466/files/CERN_SRR_en_ed10.pdf</subfield>
    <subfield code="y">Staff Rules and Regulations, 10th edition</subfield>
    <subfield code="z">as of 01/01/1996</subfield>
  </datafield>
  <datafield tag="856" ind1="4" ind2=" ">
    <subfield code="u">http://cdsweb.cern.ch/record/1280466/files/CERN_SRR_en_ed10_modif01.pdf</subfield>
    <subfield code="y">Modification No.1 - English version</subfield>
    <subfield code="z">as of 01/07/1996</subfield>
  </datafield>
  <datafield tag="856" ind1="4" ind2=" ">
    <subfield code="u">http://cdsweb.cern.ch/record/1280466/files/CERN_SRR_en_ed10_modif02.pdf</subfield>
    <subfield code="y">Modification No.2 - English version</subfield>
    <subfield code="z">as of 01/01/1997</subfield>
  </datafield>
  <datafield tag="856" ind1="4" ind2=" ">
    <subfield code="u">http://cdsweb.cern.ch/record/1280466/files/CERN_SRR_en_ed10_modif03.pdf</subfield>
    <subfield code="y">Modification No.3 - English version</subfield>
    <subfield code="z">as of 01/04/1997</subfield>
  </datafield>
  <datafield tag="856" ind1="4" ind2=" ">
    <subfield code="u">http://cdsweb.cern.ch/record/1280466/files/CERN_SRR_en_ed10_modif04.pdf</subfield>
    <subfield code="y">Modification No.4 - English version</subfield>
    <subfield code="z">as of 01/07/1998</subfield>
  </datafield>
  <datafield tag="856" ind1="4" ind2=" ">
    <subfield code="u">http://cdsweb.cern.ch/record/1280466/files/CERN_SRR_en_ed10_modif05.pdf</subfield>
    <subfield code="y">Modification No.5 - English version</subfield>
    <subfield code="z">as of 01/01/1999</subfield>
  </datafield>
  <datafield tag="856" ind1="4" ind2=" ">
    <subfield code="u">http://cdsweb.cern.ch/record/1280466/files/CERN_SRR_en_ed10_modif07.pdf</subfield>
    <subfield code="y">Modification No.7 - English version</subfield>
    <subfield code="z">as of 01/01/2000</subfield>
  </datafield>
  <datafield tag="856" ind1="4" ind2=" ">
    <subfield code="u">http://cdsweb.cern.ch/record/1280466/files/CERN_SRR_en_ed10_modif08.pdf</subfield>
    <subfield code="y">Modification No.8 - English version</subfield>
    <subfield code="z">as of 01/07/2001</subfield>
  </datafield>
  <datafield tag="856" ind1="4" ind2=" ">
    <subfield code="u">http://cdsweb.cern.ch/record/1280466/files/CERN_SRR_en_ed10_modif09.pdf</subfield>
    <subfield code="y">Modification No.9 - English version</subfield>
    <subfield code="z">as of 01/01/2002</subfield>
  </datafield>
  <datafield tag="856" ind1="4" ind2=" ">
    <subfield code="u">http://cdsweb.cern.ch/record/1280466/files/CERN_SRR_en_ed10_modif10.pdf</subfield>
    <subfield code="y">Modification No.10 - English version</subfield>
    <subfield code="z">as of 01/01/2003</subfield>
  </datafield>
  <datafield tag="856" ind1="4" ind2=" ">
    <subfield code="u">http://cdsweb.cern.ch/record/1280466/files/CERN_SRR_en_ed10_modif11.pdf</subfield>
    <subfield code="y">Modification No.11 - English version</subfield>
    <subfield code="z">as of 01/07/2003</subfield>
  </datafield>
  <datafield tag="856" ind1="4" ind2=" ">
    <subfield code="u">http://cdsweb.cern.ch/record/1280466/files/CERN_SRR_en_ed10_modif12.pdf</subfield>
    <subfield code="y">Modification No.12 - English version</subfield>
    <subfield code="z">as of 01/01/2004</subfield>
  </datafield>
  <datafield tag="856" ind1="4" ind2=" ">
    <subfield code="u">http://cdsweb.cern.ch/record/1280466/files/CERN_SRR_en_ed10_modif13.pdf</subfield>
    <subfield code="y">Modification No.13 - English version</subfield>
    <subfield code="z">as of 01/01/2005</subfield>
  </datafield>
  <datafield tag="856" ind1="4" ind2=" ">
    <subfield code="u">http://cdsweb.cern.ch/record/1280466/files/CERN_SRR_en_ed10_modif14.pdf</subfield>
    <subfield code="y">Modification No.14 - English version</subfield>
    <subfield code="z">as of 01/07/2005</subfield>
  </datafield>
  <datafield tag="856" ind1="4" ind2=" ">
    <subfield code="u">http://cdsweb.cern.ch/record/1280466/files/CERN_SRR_en_ed10_modif15.pdf</subfield>
    <subfield code="y">Modification No.15 - English version</subfield>
    <subfield code="z">as of 01/01/2006</subfield>
  </datafield>
  <datafield tag="856" ind1="4" ind2=" ">
    <subfield code="u">http://cdsweb.cern.ch/record/1280466/files/CERN_SRR_fr_ed10.pdf</subfield>
    <subfield code="y">Statut et Règlement du Personnel, 10ème édition</subfield>
    <subfield code="z">à partir du 01/01/1996</subfield>
  </datafield>
  <datafield tag="856" ind1="4" ind2=" ">
    <subfield code="u">http://cdsweb.cern.ch/record/1280466/files/CERN_SRR_fr_ed10_modif01.pdf</subfield>
    <subfield code="y">Modification No.1 - Version française</subfield>
    <subfield code="z">à partir du 01/07/1996</subfield>
  </datafield>
  <datafield tag="856" ind1="4" ind2=" ">
    <subfield code="u">http://cdsweb.cern.ch/record/1280466/files/CERN_SRR_fr_ed10_modif02.pdf</subfield>
    <subfield code="y">Modification No.2 - Version française</subfield>
    <subfield code="z">à partir 01/01/1997</subfield>
  </datafield>
  <datafield tag="856" ind1="4" ind2=" ">
    <subfield code="u">http://cdsweb.cern.ch/record/1280466/files/CERN_SRR_fr_ed10_modif03.pdf</subfield>
    <subfield code="y">Modification No.3 - Version française</subfield>
    <subfield code="z">à partir du 01/04/1997</subfield>
  </datafield>
  <datafield tag="856" ind1="4" ind2=" ">
    <subfield code="u">http://cdsweb.cern.ch/record/1280466/files/CERN_SRR_fr_ed10_modif04.pdf</subfield>
    <subfield code="y">Modification No.4 - Version française</subfield>
    <subfield code="z">à partir du 01/07/1998</subfield>
  </datafield>
  <datafield tag="856" ind1="4" ind2=" ">
    <subfield code="u">http://cdsweb.cern.ch/record/1280466/files/CERN_SRR_fr_ed10_modif05.pdf</subfield>
    <subfield code="y">Modification No.5 - Version française</subfield>
    <subfield code="z">à partir du 01/01/1999</subfield>
  </datafield>
  <datafield tag="856" ind1="4" ind2=" ">
    <subfield code="u">http://cdsweb.cern.ch/record/1280466/files/CERN_SRR_fr_ed10_modif07.pdf</subfield>
    <subfield code="y">Modification No.7 - Version française</subfield>
    <subfield code="z">à partir du 01/01/2000</subfield>
  </datafield>
  <datafield tag="856" ind1="4" ind2=" ">
    <subfield code="u">http://cdsweb.cern.ch/record/1280466/files/CERN_SRR_fr_ed10_modif08.pdf</subfield>
    <subfield code="y">Modification No.8 - Version française</subfield>
    <subfield code="z">à partir du 01/07/2001</subfield>
  </datafield>
  <datafield tag="856" ind1="4" ind2=" ">
    <subfield code="u">http://cdsweb.cern.ch/record/1280466/files/CERN_SRR_fr_ed10_modif09.pdf</subfield>
    <subfield code="y">Modification No.9 - Version française</subfield>
    <subfield code="z">à partir du 01/01/2002</subfield>
  </datafield>
  <datafield tag="856" ind1="4" ind2=" ">
    <subfield code="u">http://cdsweb.cern.ch/record/1280466/files/CERN_SRR_fr_ed10_modif10.pdf</subfield>
    <subfield code="y">Modification No.10 - Version française</subfield>
    <subfield code="z">à partir du 01/01/2003</subfield>
  </datafield>
  <datafield tag="856" ind1="4" ind2=" ">
    <subfield code="u">http://cdsweb.cern.ch/record/1280466/files/CERN_SRR_fr_ed10_modif11.pdf</subfield>
    <subfield code="y">Modification No.11 - Version française</subfield>
    <subfield code="z">à partir du 01/07/2003</subfield>
  </datafield>
  <datafield tag="856" ind1="4" ind2=" ">
    <subfield code="u">http://cdsweb.cern.ch/record/1280466/files/CERN_SRR_fr_ed10_modif12.pdf</subfield>
    <subfield code="y">Modification No.12 - Version française</subfield>
    <subfield code="z">à partir du 01/01/2004</subfield>
  </datafield>
  <datafield tag="856" ind1="4" ind2=" ">
    <subfield code="u">http://cdsweb.cern.ch/record/1280466/files/CERN_SRR_fr_ed10_modif13.pdf</subfield>
    <subfield code="y">Modification No.13 - Version française</subfield>
    <subfield code="z">à partir du 01/01/2005</subfield>
  </datafield>
  <datafield tag="856" ind1="4" ind2=" ">
    <subfield code="u">http://cdsweb.cern.ch/record/1280466/files/CERN_SRR_fr_ed10_modif14.pdf</subfield>
    <subfield code="y">Modification No.14 - Version française</subfield>
    <subfield code="z">à partir du 01/07/2005</subfield>
  </datafield>
  <datafield tag="856" ind1="4" ind2=" ">
    <subfield code="u">http://cdsweb.cern.ch/record/1280466/files/CERN_SRR_fr_ed10_modif15.pdf</subfield>
    <subfield code="y">Modification No.15 - Version française</subfield>
    <subfield code="z">à partir du 01/01/2006</subfield>
  </datafield>
</record>