
<record>
  <datafield tag="100" ind1=" " ind2=" ">
    <subfield code="a"></subfield>
  </datafield>
  <datafield tag="245" ind1=" " ind2=" ">
    <subfield code="a">A productive year for CMS</subfield>
  </datafield>
  <datafield tag="260" ind1=" " ind2=" ">
    <subfield code="c">2010</subfield>
  </datafield>
  <datafield tag="269" ind1=" " ind2=" ">
    <subfield code="c">06/12/2010</subfield>
  </datafield>
  <datafield tag="520" ind1=" " ind2=" ">
    <subfield code="b">&lt;div style="text-align: center; "> &lt;!--HTML-->&amp;nbsp;&lt;a href="http://cms.web.cern.ch/cms/Resources/Website/Media/Publications/CMSBulletin/Dec2010/Edito.jpg">&lt;img alt="" height="392" src="https://cdsweb.cern.ch/sslredirect/cms.web.cern.ch/cms/Resources/Website/Media/Publications/CMSBulletin/Dec2010/Edito.jpg" width="450" />&lt;/a>&lt;br /> &lt;br /> &lt;br /> &lt;a id="fck_paste_padding"> &lt;!--StartFragment-->&lt;!--EndFragment-->&lt;strong>Some of the many results obtained by CMS since the start of data-taking in 2010.﻿&lt;/strong>&lt;/a>&lt;/div> &lt;br /> &lt;br /> &lt;br /> &lt;div style="text-align: center; "> &lt;span style="font-size: smaller; ">&lt;span style="color: rgb(128, 128, 128); ">If you have any comments / suggestions please contact the editors:&lt;br /> Marzena Lapka (&lt;/span>&lt;/span>&lt;span style="color: rgb(128, 128, 128); ">&lt;a href="mailto:marzena.lapka@cern.ch">&lt;span style="font-size: smaller; ">marzena.lapka@cern.ch&lt;/span>&lt;/a>&lt;span style="font-size: smaller; ">) and Achintya Rao (&lt;/span>&lt;a href="mailto:achintya.rao@cern.ch">&lt;span style="font-size: smaller; ">achintya.rao@cern.ch&lt;/span>&lt;/a>&lt;/span>&lt;span style="font-size: smaller; ">&lt;span style="color: rgb(128, 128, 128); ">)&lt;/span>&lt;/span>&lt;/div> &lt;br /> &lt;br /> &lt;br /></subfield>
  </datafield>
  <datafield tag="595" ind1=" " ind2=" ">
    <subfield code="a">CMS Bulletin</subfield>
  </datafield>
  <datafield tag="691" ind1=" " ind2=" ">
    <subfield code="a">ONLINE</subfield>
  </datafield>
  <datafield tag="773" ind1=" " ind2=" ">
    <subfield code="c">1</subfield>
    <subfield code="n">3/2010</subfield>
    <subfield code="t">CMS Bulletin</subfield>
  </datafield>
  <datafield tag="859" ind1=" " ind2=" ">
    <subfield code="a"></subfield>
    <subfield code="f">achintya.rao@cern.ch</subfield>
  </datafield>
  <datafield tag="980" ind1=" " ind2=" ">
    <subfield code="a">CMSBULLETINEDITORIALDRAFT</subfield>
  </datafield>
</record>