
<record>
  <datafield tag="037" ind1=" " ind2=" ">
    <subfield code="a">ATLAS-LVN-COM-2012-019</subfield>
  </datafield>
  <datafield tag="100" ind1=" " ind2=" ">
    <subfield code="a">S. Goldfarb (taken from summary of D. Asbury)</subfield>
  </datafield>
  <datafield tag="245" ind1=" " ind2=" ">
    <subfield code="a">CERN Communication News (from Weekly IT Summary)</subfield>
  </datafield>
  <datafield tag="269" ind1=" " ind2=" ">
    <subfield code="c">2012-10-15</subfield>
  </datafield>
  <datafield tag="520" ind1=" " ind2=" ">
    <subfield code="b">&lt;!--HTML-->Vidyo problems with sound due to USA gateway =============================================== There were problematic connections from H323 devices intermittently for 5 days Fri-Tue. The root cause was traced by Vidyo engineers and a fix applied. This caused US colleagues to miss sound from CERN for about 5 days.</subfield>
  </datafield>
  <datafield tag="650" ind1="1" ind2="7">
    <subfield code="2">SzGeCERN</subfield>
    <subfield code="a">ATLAS Live News</subfield>
  </datafield>
  <datafield tag="925" ind1=" " ind2=" ">
    <subfield code="a">2012-10-15</subfield>
    <subfield code="b">2012-10-29</subfield>
  </datafield>
  <datafield tag="980" ind1=" " ind2=" ">
    <subfield code="a">ATLVNCOM</subfield>
  </datafield>
</record>