
<record>
  <datafield tag="856" ind1="4" ind2=" ">
    <subfield code="u">http://library.web.cern.ch/library/Archives/isad/isawww.html</subfield>
    <subfield code="y">Higher level description</subfield>
  </datafield>
  <datafield tag="856" ind1="4" ind2=" ">
    <subfield code="u">http://cdsweb.cern.ch/record/1405411/files/ARCH-WWW-4-010.pdf</subfield>
  </datafield>
  <datafield tag="856" ind1="4" ind2=" ">
    <subfield code="u">http://cdsweb.cern.ch/record/1405411/files/ARCH-WWW-4-010.gif?subformat=icon</subfield>
    <subfield code="x">icon</subfield>
  </datafield>
  <datafield tag="856" ind1="4" ind2=" ">
    <subfield code="u">http://cdsweb.cern.ch/record/1405411/files/ARCH-WWW-4-010.gif?subformat=icon-700</subfield>
    <subfield code="x">icon-700</subfield>
  </datafield>
  <datafield tag="856" ind1="4" ind2=" ">
    <subfield code="u">http://cdsweb.cern.ch/record/1405411/files/ARCH-WWW-4-010.pdf?subformat=pdfa</subfield>
    <subfield code="x">pdfa</subfield>
  </datafield>
  <datafield tag="960" ind1=" " ind2=" ">
    <subfield code="a">01</subfield>
  </datafield>
  <datafield tag="852" ind1=" " ind2=" ">
    <subfield code="a">CERN Archives. Bldg. 61-S-001</subfield>
    <subfield code="c">Z0911</subfield>
  </datafield>
  <datafield tag="300" ind1=" " ind2=" ">
    <subfield code="a">14 p</subfield>
  </datafield>
  <datafield tag="980" ind1=" " ind2=" ">
    <subfield code="a">ARC012303</subfield>
  </datafield>
  <datafield tag="710" ind1=" " ind2=" ">
    <subfield code="a">CERN. Geneva. Electronics and Computing for Physics Division (ECP)</subfield>
  </datafield>
  <datafield tag="245" ind1=" " ind2=" ">
    <subfield code="a">World Wide Web</subfield>
    <subfield code="b">Information management - a proposal</subfield>
  </datafield>
  <datafield tag="541" ind1=" " ind2=" ">
    <subfield code="a">ETT Division</subfield>
    <subfield code="d">2001-02-15</subfield>
    <subfield code="f">Cailliau, R</subfield>
  </datafield>
  <datafield tag="520" ind1=" " ind2=" ">
    <subfield code="a">Original proposal by Tim Berners-Lee that was later to develop into the World Wide Web, with annotations by D. M. Sendall, including the comment 'Vague but exciting...'</subfield>
  </datafield>
  <datafield tag="340" ind1=" " ind2=" ">
    <subfield code="a">Paper</subfield>
  </datafield>
  <datafield tag="490" ind1=" " ind2=" ">
    <subfield code="a">CERN-ARCH-WWW</subfield>
    <subfield code="v">Collection: World Wide Web, WWW</subfield>
  </datafield>
  <datafield tag="490" ind1=" " ind2=" ">
    <subfield code="a">CERN-ARCH-WWW-4</subfield>
    <subfield code="v">Sub-collection: Files of D. M. Sendall - World Wide Web</subfield>
  </datafield>
  <datafield tag="720" ind1=" " ind2=" ">
    <subfield code="a">Sendall, D M</subfield>
  </datafield>
  <datafield tag="506" ind1=" " ind2=" ">
    <subfield code="a">Free</subfield>
  </datafield>
  <datafield tag="595" ind1=" " ind2=" ">
    <subfield code="a">1.23.03</subfield>
  </datafield>
  <datafield tag="916" ind1=" " ind2=" ">
    <subfield code="w">201149</subfield>
  </datafield>
  <datafield tag="925" ind1=" " ind2=" ">
    <subfield code="a">1989-03-01</subfield>
    <subfield code="b">1989-03-01</subfield>
  </datafield>
  <datafield tag="041" ind1=" " ind2=" ">
    <subfield code="a">eng</subfield>
  </datafield>
  <datafield tag="927" ind1=" " ind2=" ">
    <subfield code="a">CERN-ARCH-WWW-4-010</subfield>
  </datafield>
</record>