/n<record xmlns="http://www.loc.gov/MARC21/slim">
	
<controlfield tag="003">SzGeCERN</controlfield>
   <datafield tag="035" ind1="" ind2="">
      <subfield code="9">ADMDSL</subfield>
      <subfield code="a">0020288</subfield>
   </datafield>
   <datafield tag="041" ind1="" ind2="">
      <subfield code="a">eng</subfield>
   </datafield>
   <datafield tag="088" ind1="" ind2="">
      <subfield code="a">SL-ADM-OUT-2001-005</subfield>
   </datafield>
   <datafield tag="100" ind1="" ind2="">
      <subfield code="a">Truchet, M</subfield>
   </datafield>
   <datafield tag="245" ind1="" ind2="">
      <subfield code="k">email</subfield>
      <subfield code="a">PRAC</subfield>
   </datafield>
   <datafield tag="260" ind1="" ind2="">
      <subfield code="c">2001</subfield>
   </datafield>
   <datafield tag="269" ind1="" ind2="">
      <subfield code="c">23 Jan 2001</subfield>
   </datafield>
   <datafield tag="520" ind1="" ind2="">
      <subfield code="a">Three POSTES FOR SL Division</subfield>
   </datafield>
   <datafield tag="583" ind1="" ind2="">
      <subfield code="c">30.01.2001</subfield>
   </datafield>
   <datafield tag="583" ind1="" ind2="">
      <subfield code="i">OUT</subfield>
   </datafield>
   <datafield tag="595" ind1="" ind2="">
      <subfield code="a">CERN EDS</subfield>
   </datafield>
   <datafield tag="650" ind1="1" ind2="7">
      <subfield code="2">SzGeCERN</subfield>
      <subfield code="a">Staff</subfield>
   </datafield>
   <datafield tag="653" ind1="1" ind2="">
      <subfield code="9">CERN</subfield>
      <subfield code="a">PRAC</subfield>
   </datafield>
   <datafield tag="710" ind1="" ind2="">
      <subfield code="5">SL</subfield>
   </datafield>
   <datafield tag="856" ind1="4" ind2="">
      <subfield code="u">http://sl-div.web.cern.ch/sl-div/admin/OUT-2001-005.txt</subfield>
      <subfield code="y">access to document</subfield>
   </datafield>
   <datafield tag="916" ind1="" ind2="">
      <subfield code="s">n</subfield>
      <subfield code="w">200105</subfield>
   </datafield>
   <datafield tag="926" ind1="" ind2="">
      <subfield code="a">GLM</subfield>
   </datafield>
   <datafield tag="960" ind1="" ind2="">
      <subfield code="a">78</subfield>
   </datafield>
   <datafield tag="961" ind1="" ind2="">
      <subfield code="c">20031203</subfield>
      <subfield code="h">0910</subfield>
      <subfield code="l">MAN01</subfield>
      <subfield code="x">20030507</subfield>
   </datafield>
   <datafield tag="963" ind1="" ind2="">
      <subfield code="a">PUBLIC</subfield>
   </datafield>
   <datafield tag="970" ind1="" ind2="">
      <subfield code="a">000027589MAN</subfield>
   </datafield>
   <datafield tag="980" ind1="" ind2="">
      <subfield code="a">DSLLIB</subfield>
   </datafield>
</record>