
<record>
  <datafield tag="035" ind1=" " ind2=" ">
    <subfield code="a">AIS.FOUNDATION.EXPERIMENTS.AD-7</subfield>
    <subfield code="9">AIS.FOUNDATION.EXPERIMENTS</subfield>
  </datafield>
  <datafield tag="041" ind1=" " ind2=" ">
    <subfield code="a">eng</subfield>
  </datafield>
  <datafield tag="245" ind1=" " ind2=" ">
    <subfield code="a">GBAR</subfield>
  </datafield>
  <datafield tag="269" ind1=" " ind2=" ">
    <subfield code="c">2012-05-30</subfield>
  </datafield>
  <datafield tag="693" ind1=" " ind2=" ">
    <subfield code="e">AD-7</subfield>
  </datafield>
  <datafield tag="693" ind1=" " ind2=" ">
    <subfield code="a">PS</subfield>
  </datafield>
  <datafield tag="903" ind1=" " ind2=" ">
    <subfield code="s">Preparation</subfield>
  </datafield>
  <datafield tag="960" ind1=" " ind2=" ">
    <subfield code="a">50</subfield>
  </datafield>
  <datafield tag="963" ind1=" " ind2=" ">
    <subfield code="a">PUBLIC</subfield>
  </datafield>
  <datafield tag="980" ind1=" " ind2=" ">
    <subfield code="a">GREYBOOK</subfield>
  </datafield>
</record>