
<record>
  <datafield tag="037" ind1=" " ind2=" ">
    <subfield code="a">ATLAS-LVN-PH-2010-033</subfield>
  </datafield>
  <datafield tag="100" ind1=" " ind2=" ">
    <subfield code="a">Aleandro Nisati</subfield>
  </datafield>
  <datafield tag="245" ind1=" " ind2=" ">
    <subfield code="a">Di-photon Standard Model approval discussion</subfield>
  </datafield>
  <datafield tag="269" ind1=" " ind2=" ">
    <subfield code="c">2010-11-24</subfield>
  </datafield>
  <datafield tag="520" ind1=" " ind2=" ">
    <subfield code="b">&lt;!--HTML-->Dear Colleagues, There will be a Standard Model Plenary meeting this week, on Fri Nov 26, starting at 15:30 in 216-R-401 - Salle polyvalente PUMP HALL. The agenda will appear at:            http://indico.cern.ch/conferenceDisplay.py?confId=114036 There will be at least one analysis for approval: 1) Observation of Diphotons ATL-COM-PHYS-2010-863 (CONF draft) First evidence of direct diphoton production in pp collision at sqrt(s) = 7 TeV in ATLAS http://cdsweb.cern.ch/record/1300761 ATL-COM-PHYS-2010-905 (Supporting COM draft) First evidence of direct diphoton production in pp collision at sqrt(s) = 7 TeV in ATLAS http://cdsweb.cern.ch/record/1305458 We look forward to your comments in CDS and your attendance on Friday.           Kevin and Jon</subfield>
  </datafield>
  <datafield tag="650" ind1="1" ind2="7">
    <subfield code="2">SzGeCERN</subfield>
    <subfield code="a">ATLAS Live News</subfield>
  </datafield>
  <datafield tag="925" ind1=" " ind2=" ">
    <subfield code="a">2010-11-24</subfield>
    <subfield code="b">2010-11-27</subfield>
  </datafield>
  <datafield tag="980" ind1=" " ind2=" ">
    <subfield code="a">ATLVNPH</subfield>
  </datafield>
</record>