
<record>
  <datafield tag="037" ind1=" " ind2=" ">
    <subfield code="a">ATLAS-LVN-DPR-2010-032</subfield>
  </datafield>
  <datafield tag="100" ind1=" " ind2=" ">
    <subfield code="a">Jonas, Beate and Jamie</subfield>
  </datafield>
  <datafield tag="245" ind1=" " ind2=" ">
    <subfield code="a">Physics Containers and GoodRunLists for reprocessing (repro05)</subfield>
  </datafield>
  <datafield tag="269" ind1=" " ind2=" ">
    <subfield code="c">2010-11-24</subfield>
  </datafield>
  <datafield tag="520" ind1=" " ind2=" ">
    <subfield code="b">&lt;!--HTML-->The Physics Containers for the reprocessing are available for periods A-F. The version is "repro05_v02". The DataQuality flags needed for the creation of GoodRunLists are also available as listed at https://twiki.cern.ch/twiki/bin/view/AtlasProtected/DataPeriods</subfield>
  </datafield>
  <datafield tag="650" ind1="1" ind2="7">
    <subfield code="2">SzGeCERN</subfield>
    <subfield code="a">ATLAS Live News</subfield>
  </datafield>
  <datafield tag="925" ind1=" " ind2=" ">
    <subfield code="a">2010-11-24</subfield>
    <subfield code="b">2010-11-29</subfield>
  </datafield>
  <datafield tag="980" ind1=" " ind2=" ">
    <subfield code="a">ATLVNDPR</subfield>
  </datafield>
</record>