
<record>
  <datafield tag="088" ind1=" " ind2=" ">
    <subfield code="a">SG-OUT-2004-005</subfield>
  </datafield>
  <datafield tag="100" ind1=" " ind2=" ">
    <subfield code="a">Metzger, M</subfield>
  </datafield>
  <datafield tag="245" ind1=" " ind2=" ">
    <subfield code="a">Relations avec les Pays hôtes</subfield>
  </datafield>
  <datafield tag="260" ind1=" " ind2=" ">
    <subfield code="c">2004</subfield>
  </datafield>
  <datafield tag="269" ind1=" " ind2=" ">
    <subfield code="c">12 Mar 2004</subfield>
  </datafield>
  <datafield tag="520" ind1=" " ind2=" ">
    <subfield code="9">Réorganisation du Service Etats Hôtes. Proposition de deux memo. L'un est adressé à M. Eder avec copie à Metzger, Mandica, Fucci, Lajust, Roche et Schlatter et stipule que le service chargé des relations locales est dissous et toutes ses activités sont transférées au Service Pays Hôtes sous la driection de F. Eder. L'autre est adressé à M. Fucci avec copies à Metzger, roche, rubio et Schlatter et lui demande de concentrer ses efforts sur le transfert de technologie au sein du Département de Physique dans un premier temps et de participer aux réflexions entreprises par les responsables du transfert de technologie.</subfield>
  </datafield>
  <datafield tag="583" ind1=" " ind2=" ">
    <subfield code="a">Completed</subfield>
  </datafield>
  <datafield tag="583" ind1=" " ind2=" ">
    <subfield code="i">OUT</subfield>
  </datafield>
  <datafield tag="595" ind1=" " ind2=" ">
    <subfield code="a">CERN EDS</subfield>
  </datafield>
  <datafield tag="650" ind1="1" ind2="7">
    <subfield code="2">SzGeCERN</subfield>
    <subfield code="a">Metzger</subfield>
  </datafield>
  <datafield tag="650" ind1="1" ind2="7">
    <subfield code="2">SzGeCERN</subfield>
    <subfield code="a">Aymar</subfield>
  </datafield>
  <datafield tag="650" ind1="1" ind2="7">
    <subfield code="2">SzGeCERN</subfield>
    <subfield code="a">Local Relations</subfield>
  </datafield>
  <datafield tag="653" ind1="1" ind2=" ">
    <subfield code="9">CERN</subfield>
  </datafield>
  <datafield tag="859" ind1=" " ind2=" ">
    <subfield code="f">Sylviane.Beauquis@cern.ch</subfield>
  </datafield>
  <datafield tag="916" ind1=" " ind2=" ">
    <subfield code="s">n</subfield>
    <subfield code="w">200413</subfield>
  </datafield>
  <datafield tag="926" ind1=" " ind2=" ">
    <subfield code="a">Aymar</subfield>
  </datafield>
  <datafield tag="960" ind1=" " ind2=" ">
    <subfield code="a">39</subfield>
  </datafield>
  <datafield tag="980" ind1=" " ind2=" ">
    <subfield code="a">SGOFFICE</subfield>
  </datafield>
  <datafield tag="856" ind1="4" ind2=" ">
    <subfield code="u">http://doc.cern.ch/cgi-bin/setlink?base=sgo&amp;categ=private&amp;id=SG-OUT-2004-005</subfield>
    <subfield code="y">Access to Documents</subfield>
  </datafield>
  <datafield tag="856" ind1="4" ind2=" ">
    <subfield code="u">http://cdsweb.cern.ch/record/725556/files/2004-005_Memo_DG_Org_Etats_hotes.doc</subfield>
    <subfield code="y">Access to Documents</subfield>
  </datafield>
</record>