
<record>
  <datafield tag="037" ind1=" " ind2=" ">
    <subfield code="a">ABC-2009-001</subfield>
  </datafield>
  <datafield tag="088" ind1=" " ind2=" ">
    <subfield code="a">K822/ETT</subfield>
  </datafield>
  <datafield tag="088" ind1=" " ind2=" ">
    <subfield code="a">K932</subfield>
  </datafield>
  <datafield tag="088" ind1=" " ind2=" ">
    <subfield code="a">K1100/ETT/AB/AT/007P</subfield>
  </datafield>
  <datafield tag="088" ind1=" " ind2=" ">
    <subfield code="a">K1117/ETT/AB/AT/007C</subfield>
  </datafield>
  <datafield tag="088" ind1=" " ind2=" ">
    <subfield code="a">K1352/AT/092L</subfield>
  </datafield>
  <datafield tag="088" ind1=" " ind2=" ">
    <subfield code="a">K1443/AB/007C</subfield>
  </datafield>
  <datafield tag="245" ind1=" " ind2=" ">
    <subfield code="a">K1493/TT/AB/007P Partnership agreement on work relating to Accelerators for Medical Applications</subfield>
  </datafield>
  <datafield tag="520" ind1=" " ind2=" ">
    <subfield code="a">&lt;p>Partnership Agreement&lt;/p> &lt;p>Contract&amp;nbsp;Summary&lt;/p> &lt;p>Appendix I:&amp;nbsp;Project &amp;quot;First IDRA&amp;nbsp;Unit&amp;quot;&lt;/p></subfield>
  </datafield>
  <datafield tag="595" ind1=" " ind2=" ">
    <subfield code="a">CERN EDS</subfield>
  </datafield>
  <datafield tag="710" ind1=" " ind2=" ">
    <subfield code="5">AB</subfield>
  </datafield>
  <datafield tag="859" ind1=" " ind2=" ">
    <subfield code="f">tjitske.kehrer@cern.ch</subfield>
  </datafield>
  <datafield tag="905" ind1=" " ind2=" ">
    <subfield code="a">Myers, S</subfield>
  </datafield>
  <datafield tag="916" ind1=" " ind2=" ">
    <subfield code="s">n</subfield>
    <subfield code="w">200903</subfield>
  </datafield>
  <datafield tag="942" ind1=" " ind2=" ">
    <subfield code="a">A.D.A.M. SA, Applications of Detectors and Accelerators to Medicine (CH)</subfield>
    <subfield code="g">ADAM</subfield>
    <subfield code="p">Rosso, E</subfield>
    <subfield code="u">http://adam-geneva.com/</subfield>
  </datafield>
  <datafield tag="960" ind1=" " ind2=" ">
    <subfield code="a">57</subfield>
  </datafield>
  <datafield tag="980" ind1=" " ind2=" ">
    <subfield code="a">ABTECHCOLL</subfield>
  </datafield>
  <datafield tag="856" ind1="4" ind2=" ">
    <subfield code="u">https://ab-div-adm.web.cern.ch/ab-div-adm/Collaborations/Agreements/ABC-2009-001/K1493-TT-AB-007P_ADAM.pdf</subfield>
    <subfield code="y">Partnership agreement</subfield>
  </datafield>
  <datafield tag="856" ind1="4" ind2=" ">
    <subfield code="u">https://ab-div-adm.web.cern.ch/ab-div-adm/Collaborations/Agreements/ABC-2009-001/CS_K1493-TT-AB-007P_ADAM.pdf</subfield>
    <subfield code="y">Contract Summary</subfield>
  </datafield>
</record>