
<record>
  <controlfield tag="005">20130307084357.0</controlfield>
  <datafield tag="041" ind1=" " ind2=" ">
    <subfield code="a">eng</subfield>
  </datafield>
  <datafield tag="088" ind1=" " ind2=" ">
    <subfield code="a">test</subfield>
  </datafield>
  <datafield tag="245" ind1=" " ind2=" ">
    <subfield code="a">adadas</subfield>
  </datafield>
  <datafield tag="269" ind1=" " ind2=" ">
    <subfield code="c">1999-05-23</subfield>
  </datafield>
  <datafield tag="260" ind1=" " ind2=" ">
    <subfield code="c">2012</subfield>
  </datafield>
  <datafield tag="111" ind1=" " ind2=" ">
    <subfield code="9">20121010</subfield>
    <subfield code="a">232nd Session of Council</subfield>
    <subfield code="n">232</subfield>
    <subfield code="c">CERN, Geneva, Switzerland</subfield>
    <subfield code="d">10 - 11 Oct 2012</subfield>
    <subfield code="f">2012</subfield>
    <subfield code="g">cern20121010</subfield>
    <subfield code="w">CH</subfield>
    <subfield code="z">20121011</subfield>
  </datafield>
  <datafield tag="711" ind1=" " ind2=" ">
    <subfield code="9">20121010</subfield>
    <subfield code="a">456th Session of European Strategy Council</subfield>
    <subfield code="n">456</subfield>
    <subfield code="c">CERN, Geneva, Switzerland</subfield>
    <subfield code="d">10 - 11 Oct 2012</subfield>
    <subfield code="f">2012</subfield>
    <subfield code="g">cern20121010</subfield>
    <subfield code="w">CH</subfield>
    <subfield code="z">20121011</subfield>
  </datafield>
  <datafield tag="856" ind1="0" ind2=" ">
    <subfield code="f">cds.support@cern.ch</subfield>
  </datafield>
  <datafield tag="856" ind1="4" ind2=" ">
    <subfield code="u">http://cdsdev.cern.ch/record/1493572/files/test2.pdf</subfield>
    <subfield code="y">English</subfield>
  </datafield>
  <datafield tag="856" ind1="4" ind2=" ">
    <subfield code="u">http://cdsdev.cern.ch/record/1493572/files/test2.pdf?subformat=pdfa</subfield>
    <subfield code="x">pdfa</subfield>
    <subfield code="y">English</subfield>
  </datafield>
  <datafield tag="980" ind1=" " ind2=" ">
    <subfield code="a">COUNCIL</subfield>
  </datafield>
  <datafield tag="980" ind1=" " ind2=" ">
    <subfield code="a">EUROPEANSTRATEGYSESSIONCOUNCIL</subfield>
  </datafield>
</record>