
<record>
  <datafield tag="037" ind1=" " ind2=" ">
    <subfield code="a">Poster-2012-243</subfield>
  </datafield>
  <datafield tag="041" ind1=" " ind2=" ">
    <subfield code="a">eng</subfield>
  </datafield>
  <datafield tag="100" ind1=" " ind2=" ">
    <subfield code="a">Saornil Gamarra, S</subfield>
    <subfield code="u">Physik-Institut, Universität Zürich, Zürich, Switzerland</subfield>
  </datafield>
  <datafield tag="245" ind1=" " ind2=" ">
    <subfield code="a">LHCb: The LHCb Silicon Tracker: Running experience </subfield>
  </datafield>
  <datafield tag="270" ind1=" " ind2=" ">
    <subfield code="m">sandra.saornil@cern.ch</subfield>
  </datafield>
  <datafield tag="300" ind1=" " ind2=" ">
    <subfield code="a">1 p</subfield>
  </datafield>
  <datafield tag="500" ind1=" " ind2=" ">
    <subfield code="a">On behalf of LHCb Silicon Tracker group</subfield>
  </datafield>
  <datafield tag="520" ind1=" " ind2=" ">
    <subfield code="a">The LHCb Silicon Tracker is part of the main tracking system of the LHCb detector at the LHC. It measures very precisely the particle trajectories coming from the interaction point in the region of high occupancies around the beam axis. After presenting our production and comissioning issues in TWEPP 2008, we report on our running experience. Focusing on electronic and hardware issues as well as operation and maintenance adversities, we describe the lessons learned and the pitfalls encountered after three years of successful operation.</subfield>
  </datafield>
  <datafield tag="595" ind1=" " ind2=" ">
    <subfield code="a">CERN EDS</subfield>
  </datafield>
  <datafield tag="260" ind1=" " ind2=" ">
    <subfield code="c">2012</subfield>
  </datafield>
  <datafield tag="269" ind1=" " ind2=" ">
    <subfield code="a">Geneva</subfield>
    <subfield code="b">CERN</subfield>
    <subfield code="c">18 Sep 2012</subfield>
  </datafield>
  <datafield tag="653" ind1="1" ind2=" ">
    <subfield code="a">LHCb</subfield>
  </datafield>
  <datafield tag="653" ind1="1" ind2=" ">
    <subfield code="a">Silicon Tracker</subfield>
  </datafield>
  <datafield tag="693" ind1=" " ind2=" ">
    <subfield code="e">LHCb</subfield>
  </datafield>
  <datafield tag="710" ind1=" " ind2=" ">
    <subfield code="5">PH</subfield>
  </datafield>
  <datafield tag="773" ind1=" " ind2=" ">
    <subfield code="p">Conference: Topical Workshop on Electronics for Particle Physics 2012, Oxford, UK</subfield>
    <subfield code="u">http://www.physics.ox.ac.uk/twepp12/index.asp</subfield>
  </datafield>
  <datafield tag="960" ind1=" " ind2=" ">
    <subfield code="a">80</subfield>
  </datafield>
  <datafield tag="856" ind1="4" ind2=" ">
    <subfield code="q">http://cdsweb.cern.ch/record/1481289/files/</subfield>
    <subfield code="x">icon</subfield>
  </datafield>
  <datafield tag="856" ind1="4" ind2=" ">
    <subfield code="y">Access to files</subfield>
    <subfield code="u">http://cdsweb.cern.ch/record/1481289/files/Poster-2012-243.pdf</subfield>
  </datafield>
  <datafield tag="856" ind1="4" ind2=" ">
    <subfield code="u">http://cdsweb.cern.ch/record/1481289/files/Poster-2012-243.gif?subformat=icon</subfield>
    <subfield code="x">icon</subfield>
    <subfield code="y">Access to files</subfield>
  </datafield>
  <datafield tag="856" ind1="4" ind2=" ">
    <subfield code="u">http://cdsweb.cern.ch/record/1481289/files/Poster-2012-243.gif?subformat=icon-700</subfield>
    <subfield code="x">icon-700</subfield>
    <subfield code="y">Access to files</subfield>
  </datafield>
  <datafield tag="856" ind1="4" ind2=" ">
    <subfield code="u">http://cdsweb.cern.ch/record/1481289/files/Poster-2012-243.pdf?subformat=pdfa</subfield>
    <subfield code="x">pdfa</subfield>
    <subfield code="y">Access to files</subfield>
  </datafield>
  <datafield tag="859" ind1=" " ind2=" ">
    <subfield code="f">anu.liisa.saarelainen@cern.ch</subfield>
  </datafield>
  <datafield tag="923" ind1=" " ind2=" ">
    <subfield code="r">Anu Liisa Saarelainen; anu.liisa.saarelainen@cern.ch</subfield>
  </datafield>
  <datafield tag="980" ind1=" " ind2=" ">
    <subfield code="a">POSTER</subfield>
  </datafield>
</record>