
<record>
  <controlfield tag="003">SzGeCERN</controlfield>
  <controlfield tag="005">20070820125612.0</controlfield>
  <datafield tag="041" ind1=" " ind2=" ">
    <subfield code="a">eng</subfield>
  </datafield>
  <datafield tag="088" ind1=" " ind2=" ">
    <subfield code="a">A-174</subfield>
  </datafield>
  <datafield tag="088" ind1=" " ind2=" ">
    <subfield code="a">CERN-DG-RB-2005-373</subfield>
  </datafield>
  <datafield tag="088" ind1=" " ind2=" ">
    <subfield code="a">CERN-DG-Research-Board-2005-373</subfield>
  </datafield>
  <datafield tag="210" ind1=" " ind2=" ">
    <subfield code="a">CERN. Geneva. Research Board Committee</subfield>
  </datafield>
  <datafield tag="245" ind1=" " ind2=" ">
    <subfield code="a">Agenda for the 174th Meeting of the CERN Research Board</subfield>
  </datafield>
  <datafield tag="260" ind1=" " ind2=" ">
    <subfield code="c">2005</subfield>
  </datafield>
  <datafield tag="269" ind1=" " ind2=" ">
    <subfield code="a">Geneva</subfield>
    <subfield code="b">CERN</subfield>
    <subfield code="c">29 Sep 2005</subfield>
  </datafield>
  <datafield tag="300" ind1=" " ind2=" ">
    <subfield code="a">mult. p</subfield>
  </datafield>
  <datafield tag="490" ind1=" " ind2=" ">
    <subfield code="a">Agenda</subfield>
  </datafield>
  <datafield tag="595" ind1=" " ind2=" ">
    <subfield code="a">CERN EDS</subfield>
  </datafield>
  <datafield tag="650" ind1="1" ind2="7">
    <subfield code="2">SzGeCERN</subfield>
    <subfield code="a">Detectors and Experimental Techniques</subfield>
  </datafield>
  <datafield tag="690" ind1="C" ind2=" ">
    <subfield code="a">INTNOTE</subfield>
  </datafield>
  <datafield tag="690" ind1="C" ind2=" ">
    <subfield code="a">PAPPREPSCICOM</subfield>
  </datafield>
  <datafield tag="690" ind1="C" ind2=" ">
    <subfield code="a">SCICOM</subfield>
  </datafield>
  <datafield tag="690" ind1="C" ind2=" ">
    <subfield code="a">PRIVRB</subfield>
  </datafield>
  <datafield tag="690" ind1="C" ind2=" ">
    <subfield code="a">CERN</subfield>
  </datafield>
  <datafield tag="710" ind1=" " ind2=" ">
    <subfield code="5">EP</subfield>
  </datafield>
  <datafield tag="711" ind1=" " ind2=" ">
    <subfield code="9">20051201</subfield>
    <subfield code="a">RB Meeting 174</subfield>
    <subfield code="c">Geneva</subfield>
    <subfield code="d">01 Dec 2005</subfield>
    <subfield code="f">2005</subfield>
    <subfield code="g">RB20051201</subfield>
  </datafield>
  <datafield tag="903" ind1=" " ind2=" ">
    <subfield code="s">private</subfield>
  </datafield>
  <datafield tag="916" ind1=" " ind2=" ">
    <subfield code="s">n</subfield>
    <subfield code="w">200552</subfield>
  </datafield>
  <datafield tag="960" ind1=" " ind2=" ">
    <subfield code="a">58</subfield>
  </datafield>
  <datafield tag="961" ind1=" " ind2=" ">
    <subfield code="c">20070820</subfield>
    <subfield code="h">1256</subfield>
    <subfield code="l">CER01</subfield>
    <subfield code="x">20050929</subfield>
  </datafield>
  <datafield tag="963" ind1=" " ind2=" ">
    <subfield code="a">PUBLIC</subfield>
  </datafield>
  <datafield tag="970" ind1=" " ind2=" ">
    <subfield code="a">002560155CER</subfield>
  </datafield>
  <datafield tag="980" ind1=" " ind2=" ">
    <subfield code="a">SCICOMMPRIVRB</subfield>
  </datafield>
  <datafield tag="856" ind1="4" ind2=" ">
    <subfield code="u">http://agenda.cern.ch/fullAgenda.php?ida=a056220</subfield>
    <subfield code="y">Access to document</subfield>
  </datafield>
</record>