
<record>
  <controlfield tag="003">SzGeCERN</controlfield>
  <controlfield tag="005">20050928120431.0</controlfield>
  <datafield tag="245" ind1=" " ind2=" ">
    <subfield code="a">A Toroidal LHC ApparatuS, ATLAS</subfield>
    <subfield code="b">Ressources Review Board 2003 and 2004 preparation</subfield>
  </datafield>
  <datafield tag="856" ind1="4" ind2=" ">
    <subfield code="u">http://library.web.cern.ch/library/Archives/isad/isaatlas.html</subfield>
    <subfield code="y">Higher level description</subfield>
  </datafield>
  <datafield tag="595" ind1=" " ind2=" ">
    <subfield code="a">1.20.01</subfield>
  </datafield>
  <datafield tag="720" ind1=" " ind2=" ">
    <subfield code="a">Jenni, Peter, Spokesman ATLAS</subfield>
  </datafield>
  <datafield tag="852" ind1=" " ind2=" ">
    <subfield code="a">CERN Archives. Bldg. 61-S-001</subfield>
    <subfield code="c">L0347</subfield>
  </datafield>
  <datafield tag="300" ind1=" " ind2=" ">
    <subfield code="a">3 cm</subfield>
  </datafield>
  <datafield tag="980" ind1=" " ind2=" ">
    <subfield code="a">ARC012001</subfield>
  </datafield>
  <datafield tag="710" ind1=" " ind2=" ">
    <subfield code="a">CERN. Geneva. ATLAS Collaboration</subfield>
  </datafield>
  <datafield tag="541" ind1=" " ind2=" ">
    <subfield code="a">EP-ATLAS</subfield>
    <subfield code="d">2009-03-03</subfield>
    <subfield code="f">Jenni, Peter</subfield>
  </datafield>
  <datafield tag="520" ind1=" " ind2=" ">
    <subfield code="a">Financing. Scrutiny. Report. NCP mails. M+O. Sharing tables. NCP meetings.</subfield>
  </datafield>
  <datafield tag="340" ind1=" " ind2=" ">
    <subfield code="a">Paper</subfield>
  </datafield>
  <datafield tag="506" ind1=" " ind2=" ">
    <subfield code="a">Restricted</subfield>
  </datafield>
  <datafield tag="960" ind1=" " ind2=" ">
    <subfield code="a">01</subfield>
  </datafield>
  <datafield tag="916" ind1=" " ind2=" ">
    <subfield code="w">201243</subfield>
  </datafield>
  <datafield tag="490" ind1=" " ind2=" ">
    <subfield code="a">CERN-ARCH-ATLAS</subfield>
    <subfield code="v">Collection: ATLAS Collaboration</subfield>
  </datafield>
  <datafield tag="490" ind1=" " ind2=" ">
    <subfield code="a">CERN-ARCH-ATLAS-025</subfield>
    <subfield code="v">Sub-collection: Funding</subfield>
  </datafield>
  <datafield tag="925" ind1=" " ind2=" ">
    <subfield code="a">2003-02-03</subfield>
    <subfield code="b">2004-04-13</subfield>
  </datafield>
  <datafield tag="041" ind1=" " ind2=" ">
    <subfield code="a">eng</subfield>
  </datafield>
  <datafield tag="927" ind1=" " ind2=" ">
    <subfield code="a">CERN-ARCH-ATLAS-025-0026</subfield>
  </datafield>
</record>