
<record>
  <datafield tag="041" ind1=" " ind2=" ">
    <subfield code="a">eng</subfield>
  </datafield>
  <datafield tag="110" ind1=" " ind2=" ">
    <subfield code="a">CERN. Geneva</subfield>
  </datafield>
  <datafield tag="111" ind1=" " ind2=" ">
    <subfield code="a">ATLAS Weekly</subfield>
    <subfield code="c">CERN - 40-S2-C01 - Salle Curie</subfield>
    <subfield code="9">2012-10-23T14:00:00</subfield>
    <subfield code="z">2012-10-23T14:25:00</subfield>
    <subfield code="g">156438</subfield>
  </datafield>
  <datafield tag="245" ind1=" " ind2=" ">
    <subfield code="a">ATLAS Weekly</subfield>
  </datafield>
  <datafield tag="260" ind1=" " ind2=" ">
    <subfield code="c">2012</subfield>
  </datafield>
  <datafield tag="269" ind1=" " ind2=" ">
    <subfield code="c">2012-10-23</subfield>
  </datafield>
  <datafield tag="300" ind1=" " ind2=" ">
    <subfield code="a">Streaming video</subfield>
    <subfield code="b">WLAPLectureObject-v0.2</subfield>
  </datafield>
  <datafield tag="340" ind1=" " ind2=" ">
    <subfield code="a">Streaming video</subfield>
  </datafield>
  <datafield tag="490" ind1=" " ind2=" ">
    <subfield code="a">ATLAS Weekly</subfield>
  </datafield>
  <datafield tag="506" ind1="1" ind2=" ">
    <subfield code="a">Restricted</subfield>
    <subfield code="d">atlas-readaccess-active-members [CERN]</subfield>
    <subfield code="d">indico-atlas-managers [CERN]</subfield>
    <subfield code="f">group</subfield>
    <subfield code="2">CDS Invenio</subfield>
    <subfield code="5">SzGeCERN</subfield>
  </datafield>
  <datafield tag="506" ind1="1" ind2=" ">
    <subfield code="a">Restricted</subfield>
    <subfield code="d">martine.desnyder-ivesdal@cern.ch</subfield>
    <subfield code="d">atlas.meeting@cern.ch</subfield>
    <subfield code="d">atlas.info-protection@cern.ch</subfield>
    <subfield code="d">fabiola.gianotti@cern.ch</subfield>
    <subfield code="d">andrew.lankford@uci.edu</subfield>
    <subfield code="d">dave.charlton@cern.ch</subfield>
    <subfield code="d">marzio.nessi@cern.ch</subfield>
    <subfield code="f">email</subfield>
    <subfield code="2">CDS Invenio</subfield>
    <subfield code="5">SzGeCERN</subfield>
  </datafield>
  <datafield tag="518" ind1=" " ind2=" ">
    <subfield code="d">2012-10-23T14:00:00</subfield>
  </datafield>
  <datafield tag="520" ind1=" " ind2=" ">
    <subfield code="a">&lt;!--HTML-->&lt;b>&lt;u>Meeting Sequence&lt;/u>&lt;/b>
&lt;p>
Every Tuesday during NON-EB WEEKS from 14.00-16.00 starting 1 December 2009.
&lt;/p>
&lt;p>
&lt;b>&lt;u>Help:&lt;/u>&lt;/b>
&lt;p>
For technical questions or problems, please contact:
&lt;a href="mailto:hn-atlas-collaborativeTools@cern.ch">hn-atlas-collaborativeTools@cern.ch&lt;/a>.&lt;br />
Documentation available at
&lt;a href="http://cern.ch/atlas-collaborative-tools/meeting-support">http://cern.ch/atlas-collaborative-tools/meeting-support&lt;/a>.
&lt;/p>
&lt;hr>
&lt;p>
</subfield>
  </datafield>
  <datafield tag="650" ind1="1" ind2="7">
    <subfield code="a">ATLAS Weekly</subfield>
  </datafield>
  <datafield tag="650" ind1="2" ind2="7">
    <subfield code="a">Event</subfield>
  </datafield>
  <datafield tag="690" ind1="C" ind2=" ">
    <subfield code="a">TALK</subfield>
  </datafield>
  <datafield tag="690" ind1="C" ind2=" ">
    <subfield code="a">CERN</subfield>
  </datafield>
  <datafield tag="693" ind1=" " ind2=" ">
    <subfield code="e">ATLAS</subfield>
  </datafield>
  <datafield tag="700" ind1=" " ind2=" ">
    <subfield code="a">Gianotti, F</subfield>
    <subfield code="e">speaker</subfield>
  </datafield>
  <datafield tag="856" ind1="4" ind2=" ">
    <subfield code="u">http://indico.cern.ch/conferenceDisplay.py?confId=156438</subfield>
    <subfield code="y">Event details</subfield>
  </datafield>
  <datafield tag="856" ind1="7" ind2=" ">
    <subfield code="2">MediaArchive</subfield>
    <subfield code="d">\\cern.ch\dfs\Services\MediaArchive\Video\Masters\WebLectures\2012\156438.tar</subfield>
    <subfield code="x">Absolute master path</subfield>
  </datafield>
  <datafield tag="856" ind1="7" ind2=" ">
    <subfield code="2">MediaArchive</subfield>
    <subfield code="u">http://mediaarchive.cern.ch/MediaArchive/Video/Public/WebLectures/2012/156438/156438-mobile.mp4</subfield>
    <subfield code="x">mp4mobile</subfield>
    <subfield code="y">mobile 0300 kbps 640x480 25 fps audio 128 kbps 44100 Hz stereo</subfield>
  </datafield>
  <datafield tag="856" ind1="7" ind2=" ">
    <subfield code="2">MediaArchive</subfield>
    <subfield code="u">http://mediaarchive.cern.ch/MediaArchive/Video/Public/WebLectures/2012/156438/156438-podcast.mp4</subfield>
    <subfield code="x">mp4podcast</subfield>
    <subfield code="y">podcast 0800 kbps 640x480 25 fps audio 128 kbps 44100 Hz stereo</subfield>
  </datafield>
  <datafield tag="856" ind1="7" ind2=" ">
    <subfield code="2">MediaArchive</subfield>
    <subfield code="u">http://mediaarchive.cern.ch/MediaArchive/Video/Public/WebLectures/2012/156438/flash.html</subfield>
    <subfield code="x">htmlflash.html</subfield>
    <subfield code="y">flash.html weblecture</subfield>
  </datafield>
  <datafield tag="856" ind1="7" ind2=" ">
    <subfield code="2">MediaArchive</subfield>
    <subfield code="u">http://mediaarchive.cern.ch/MediaArchive/Video/Public/WebLectures/2012/156438/master.mp4</subfield>
    <subfield code="x">mp4master.mp4</subfield>
    <subfield code="y">master.mp4 weblecture</subfield>
  </datafield>
  <datafield tag="856" ind1="7" ind2=" ">
    <subfield code="2">MediaArchive</subfield>
    <subfield code="u">http://mediaarchive.cern.ch/MediaArchive/Video/Public/WebLectures/2012/156438/thumbs/slides/20121023134757.png</subfield>
    <subfield code="x">pngthumbnail</subfield>
    <subfield code="y">thumbnail weblecture at 0 percent</subfield>
  </datafield>
  <datafield tag="859" ind1=" " ind2=" ">
    <subfield code="f">martine.desnyder-ivesdal@cern.ch</subfield>
  </datafield>
  <datafield tag="906" ind1=" " ind2=" ">
    <subfield code="p">Gianotti, F</subfield>
  </datafield>
  <datafield tag="961" ind1=" " ind2=" ">
    <subfield code="x">2011-09-23T13:26:38</subfield>
    <subfield code="c">2012-10-23T11:52:40</subfield>
  </datafield>
  <datafield tag="963" ind1=" " ind2=" ">
    <subfield code="a">PUBLIC</subfield>
  </datafield>
  <datafield tag="970" ind1=" " ind2=" ">
    <subfield code="a">INDICO.156438</subfield>
  </datafield>
  <datafield tag="980" ind1=" " ind2=" ">
    <subfield code="a">Indico</subfield>
  </datafield>
  <datafield tag="980" ind1=" " ind2=" ">
    <subfield code="a">Restricted_ATLAS_Talks</subfield>
  </datafield>
  <datafield tag="980" ind1=" " ind2=" ">
    <subfield code="b">TALK</subfield>
  </datafield>
</record>