
<record>
  <controlfield tag="005">20130412072059.0</controlfield>
  <datafield tag="037" ind1=" " ind2=" ">
    <subfield code="a">LHCB-PAPER-2012-033-002</subfield>
  </datafield>
  <datafield tag="041" ind1=" " ind2=" ">
    <subfield code="a">eng</subfield>
  </datafield>
  <datafield tag="088" ind1=" " ind2=" ">
    <subfield code="a">CERN-PH-EP-2012-327</subfield>
  </datafield>
  <datafield tag="110" ind1=" " ind2=" ">
    <subfield code="a">LHCb Collaboration</subfield>
  </datafield>
  <datafield tag="245" ind1=" " ind2=" ">
    <subfield code="a">First observation of the decays $\bar{B}^0_{(s)} \to D_s+ K^- \pi^+\pi^-$ and $\bar{B}^0_s \to  D_{s1}(2536)^+\pi^-$</subfield>
  </datafield>
  <datafield tag="260" ind1=" " ind2=" ">
    <subfield code="c">2012</subfield>
  </datafield>
  <datafield tag="269" ind1=" " ind2=" ">
    <subfield code="b">CERN</subfield>
    <subfield code="a">Geneva</subfield>
    <subfield code="c">23 Oct 2012</subfield>
  </datafield>
  <datafield tag="400" ind1=" " ind2=" ">
    <subfield code="b">yes</subfield>
  </datafield>
  <datafield tag="500" ind1=" " ind2=" ">
    <subfield code="a">For submission to PRD; Contact authors: Steven Blusk; Reviewers: Kazu Akiba (chair), Andrea Contu, Pierluigi Campana (EB); PAPER-2012-033, ANA-2012-076; Institutes: Moscow State University, Russia. LPNHE, Paris, France, NIKHEF, Netherlands. Ferrara, Italy, Santiago de Compostela, Spain. Oxford, United Kingdom.</subfield>
  </datafield>
  <datafield tag="540" ind1=" " ind2=" ">
    <subfield code="a">CC-BY-3.0</subfield>
    <subfield code="b">CERN</subfield>
    <subfield code="u">http://creativecommons.org/licenses/by/3.0/</subfield>
  </datafield>
  <datafield tag="542" ind1=" " ind2=" ">
    <subfield code="d">CERN</subfield>
    <subfield code="g">2013</subfield>
  </datafield>
  <datafield tag="650" ind1="1" ind2="7">
    <subfield code="a">Particle Physics - Experiment</subfield>
    <subfield code="2">SzGeCERN</subfield>
  </datafield>
  <datafield tag="690" ind1="C" ind2=" ">
    <subfield code="a">CERN</subfield>
  </datafield>
  <datafield tag="693" ind1=" " ind2=" ">
    <subfield code="a">CERN LHC</subfield>
    <subfield code="e">LHCb</subfield>
  </datafield>
  <datafield tag="710" ind1=" " ind2=" ">
    <subfield code="g">LHCb Collaboration</subfield>
  </datafield>
  <datafield tag="710" ind1=" " ind2=" ">
    <subfield code="5">PH-EP</subfield>
  </datafield>
  <datafield tag="925" ind1=" " ind2=" ">
    <subfield code="b">30 Oct 2012</subfield>
  </datafield>
  <datafield tag="856" ind1="4" ind2=" ">
    <subfield code="u">https://twiki.cern.ch/twiki/bin/viewauth/LHCbPhysics/B2DsKPiPiPi</subfield>
    <subfield code="y">Additional information for the analysis</subfield>
  </datafield>
  <datafield tag="856" ind1="4" ind2=" ">
    <subfield code="u">http://cdsweb.cern.ch/record/1489576/files/LHCb-PAPER-2012-033.pdf</subfield>
    <subfield code="y">Fulltext</subfield>
  </datafield>
  <datafield tag="856" ind1="4" ind2=" ">
    <subfield code="u">http://cdsweb.cern.ch/record/1477712</subfield>
    <subfield code="y">Previous draft version</subfield>
  </datafield>
  <datafield tag="856" ind1="4" ind2=" ">
    <subfield code="u">http://cdsweb.cern.ch/submit/direct?LHCBCM_DOC_RN=LHCB-PAPER-2012-033-002&amp;sub=SBILHCBCM</subfield>
    <subfield code="y">Submit a comment</subfield>
  </datafield>
  <datafield tag="856" ind1="4" ind2=" ">
    <subfield code="u">http://cdsweb.cern.ch/record/1489576/files/LHCb-PAPER-2012-033.pdf?subformat=pdfa</subfield>
    <subfield code="x">pdfa</subfield>
  </datafield>
  <datafield tag="859" ind1=" " ind2=" ">
    <subfield code="f">u.egede@imperial.ac.uk</subfield>
  </datafield>
  <datafield tag="903" ind1="1" ind2=" ">
    <subfield code="a">Approval requested for number CERN-PH-EP-2012-327</subfield>
    <subfield code="b">CERN-PH-EP-2012-327</subfield>
    <subfield code="c">EPPHAPP</subfield>
    <subfield code="d">2012-10-23 23:17:28</subfield>
    <subfield code="e">2012-10-30 23:17:28</subfield>
    <subfield code="g">skip stamping</subfield>
    <subfield code="f">u.egede@imperial.ac.uk</subfield>
    <subfield code="s">waiting</subfield>
  </datafield>
  <datafield tag="903" ind1="1" ind2=" ">
    <subfield code="a">Document approved</subfield>
    <subfield code="b">CERN-PH-EP-2012-327</subfield>
    <subfield code="c">EPPHAPP</subfield>
    <subfield code="d">2013-04-12 07:20:53</subfield>
    <subfield code="f">cds.support@cern.ch</subfield>
    <subfield code="s">approved</subfield>
  </datafield>
  <datafield tag="980" ind1=" " ind2=" ">
    <subfield code="a">LHCBPUBDRAFT</subfield>
  </datafield>
</record>