
<record>
  <controlfield tag="003">SzGeCERN</controlfield>
  <datafield tag="037" ind1=" " ind2=" ">
    <subfield code="a">CMS-NOTE-2012-005</subfield>
  </datafield>
  <datafield tag="041" ind1=" " ind2=" ">
    <subfield code="a">eng</subfield>
  </datafield>
  <datafield tag="088" ind1=" " ind2=" ">
    <subfield code="a">CERN-CMS-NOTE-2012-005</subfield>
  </datafield>
  <datafield tag="100" ind1=" " ind2=" ">
    <subfield code="a">Bencze, Gyorgy</subfield>
    <subfield code="j">CCID-373917</subfield>
    <subfield code="i">INSPIRE-00315977</subfield>
    <subfield code="u">Budapest, RMKI</subfield>
  </datafield>
  <datafield tag="245" ind1=" " ind2=" ">
    <subfield code="a">CMS Barrel Muon Alignment: Influence of Missing MABs on DT-positioning Accuracy</subfield>
  </datafield>
  <datafield tag="260" ind1=" " ind2=" ">
    <subfield code="c"> 2012</subfield>
  </datafield>
  <datafield tag="269" ind1=" " ind2=" ">
    <subfield code="a">Geneva</subfield>
    <subfield code="b">CERN</subfield>
    <subfield code="c">18 Sep 2012</subfield>
  </datafield>
  <datafield tag="300" ind1=" " ind2=" ">
    <subfield code="a">9 p</subfield>
  </datafield>
  <datafield tag="520" ind1=" " ind2=" ">
    <subfield code="a">The CMS Muon Barrel Alignment system uses cameras mounted on 36 rigid MAB structures to monitor DT positions. During the 2010 and 2011 data-taking periods, 4 such MABs became inoperative. This study shows that the resulting loss of information does not cause a significant degradation of the reconstructed DT positions.</subfield>
  </datafield>
  <datafield tag="595" ind1=" " ind2=" ">
    <subfield code="a">CERN EDS</subfield>
  </datafield>
  <datafield tag="650" ind1="1" ind2="7">
    <subfield code="2">SzGeCERN</subfield>
    <subfield code="a">Detectors and Experimental Techniques</subfield>
  </datafield>
  <datafield tag="653" ind1="1" ind2=" ">
    <subfield code="9">CMS</subfield>
    <subfield code="a">Muons</subfield>
  </datafield>
  <datafield tag="690" ind1="C" ind2=" ">
    <subfield code="a">INTNOTE</subfield>
  </datafield>
  <datafield tag="690" ind1="C" ind2=" ">
    <subfield code="a">CERN</subfield>
  </datafield>
  <datafield tag="690" ind1="C" ind2=" ">
    <subfield code="a">PUBLCMS</subfield>
  </datafield>
  <datafield tag="693" ind1=" " ind2=" ">
    <subfield code="a">CERN LHC</subfield>
    <subfield code="e">CMS</subfield>
  </datafield>
  <datafield tag="700" ind1=" " ind2=" ">
    <subfield code="a">Beni, Noemi Tekla</subfield>
    <subfield code="j">CCID-613330</subfield>
    <subfield code="i">INSPIRE-00307635</subfield>
    <subfield code="u">Debrecen, Inst. Nucl. Res.</subfield>
  </datafield>
  <datafield tag="700" ind1=" " ind2=" ">
    <subfield code="a">Szillasi, Zoltan</subfield>
    <subfield code="j">CCID-434573</subfield>
    <subfield code="i">INSPIRE-00314420</subfield>
    <subfield code="u">Debrecen, Inst. Nucl. Res.</subfield>
  </datafield>
  <datafield tag="700" ind1=" " ind2=" ">
    <subfield code="a">Ujvari, Balazs</subfield>
    <subfield code="j">CCID-544321</subfield>
    <subfield code="i">INSPIRE-00316056</subfield>
    <subfield code="u">Kossuth Lajos U., Debrecen</subfield>
  </datafield>
  <datafield tag="710" ind1=" " ind2=" ">
    <subfield code="5">PH</subfield>
  </datafield>
  <datafield tag="856" ind1="4" ind2=" ">
    <subfield code="u">http://cdsweb.cern.ch/record/1479347/files/NOTE2012_005.pdf</subfield>
  </datafield>
  <datafield tag="916" ind1=" " ind2=" ">
    <subfield code="s">n</subfield>
    <subfield code="w">201238</subfield>
  </datafield>
  <datafield tag="963" ind1=" " ind2=" ">
    <subfield code="a">PUBLIC</subfield>
  </datafield>
  <datafield tag="980" ind1=" " ind2=" ">
    <subfield code="a">INTNOTECMSPUBL</subfield>
  </datafield>
</record>