
<record>
  <controlfield tag="003">SzGeCERN</controlfield>
  <controlfield tag="005">20121126113403.0</controlfield>
  <datafield tag="595" ind1=" " ind2=" ">
    <subfield code="a">CERN EDS</subfield>
  </datafield>
  <datafield tag="980" ind1=" " ind2=" ">
    <subfield code="a">THESIS</subfield>
  </datafield>
  <datafield tag="700" ind1=" " ind2=" ">
    <subfield code="a">Sosnowski, Ryszard</subfield>
    <subfield code="e">dir.</subfield>
    <subfield code="i">XX</subfield>
    <subfield code="j">YY</subfield>
  </datafield>
  <datafield tag="037" ind1=" " ind2=" ">
    <subfield code="a">CERN-THESIS-2006-091</subfield>
  </datafield>
  <datafield tag="693" ind1=" " ind2=" ">
    <subfield code="a">CERN LHC</subfield>
    <subfield code="e">CMS</subfield>
  </datafield>
  <datafield tag="693" ind1=" " ind2=" ">
    <subfield code="a">CERN LEP</subfield>
    <subfield code="e">DELPHI</subfield>
  </datafield>
  <datafield tag="690" ind1="C" ind2=" ">
    <subfield code="a">THESIS</subfield>
  </datafield>
  <datafield tag="690" ind1="C" ind2=" ">
    <subfield code="a">CERN</subfield>
  </datafield>
  <datafield tag="690" ind1="C" ind2=" ">
    <subfield code="a">PUBLCMS</subfield>
  </datafield>
  <datafield tag="520" ind1=" " ind2=" ">
    <subfield code="a">This thesis contains two analyzes which are contributions to experimental studies onthe Higgs sector in physics of fundamental interactions.The ﬁrst one was performed using the data collected by the DELPHI detector at theelectron-positron collider LEP at CERN. This analysis is a search for the Higgs bosonwithin generalized non-minimal Higgs sector. It is based on the high number of b-quarksamong products of decays of Higgs boson.The analysis was performed using the data collected with energies near the Z 0 boson mass(LEP1 data) corresponding to an integrated luminosity of L = 71.4 pb −1 and the datacollected with highest energies of the LEP accelerator (LEP2 data) i.e. at the center-ofmass energies 189−208 GeV corresponding to an integrated luminosity of L = 611.2 pb −1 .It allowed to obtain the limits on production cross-sections of the neutral Higgs bosondecaying into ﬁnal states with b-quarks.This analysis is a part of a project aiming at the exploitation of the DELPHI data forHiggs bosons search within the generalized non-minimal Higgs sector models.The second analysis is a study on the possibility of measurement of CP parity of theHiggs boson using the data which will be collected by the CMS detector. This detectorshould start to operate at the proton-proton collider LHC in the year 2007. This study isbased on samples obtained with the Monte Carlo technique using algorithms for triggerand events reconstruction which will be used by the real experiment.In the CMS data angle correlations in Φ → ZZ → 2e2µ process (,,golden channel” for Higgsboson searches in LHC) were studied. A precision of future measurement of parameterdescribing a ΦZZ coupling which determines CP -parity of the Higgs boson was evaluatedon this analysis.</subfield>
  </datafield>
  <datafield tag="653" ind1="1" ind2=" ">
    <subfield code="9">CMS</subfield>
    <subfield code="a">HIGGS</subfield>
  </datafield>
  <datafield tag="650" ind1="1" ind2="7">
    <subfield code="2">SzGeCERN</subfield>
    <subfield code="a">Particle Physics -Experiment</subfield>
  </datafield>
  <datafield tag="916" ind1=" " ind2=" ">
    <subfield code="s">n</subfield>
    <subfield code="w">201219</subfield>
  </datafield>
  <datafield tag="502" ind1=" " ind2=" ">
    <subfield code="a">PhD</subfield>
    <subfield code="b">Ecole Polytechnique</subfield>
    <subfield code="c">2006</subfield>
  </datafield>
  <datafield tag="088" ind1=" " ind2=" ">
    <subfield code="a">CMS-TS-2006-009</subfield>
  </datafield>
  <datafield tag="300" ind1=" " ind2=" ">
    <subfield code="a">112 p</subfield>
  </datafield>
  <datafield tag="856" ind1="4" ind2=" ">
    <subfield code="u">http://cdsweb.cern.ch/record/1446585/files/TS2006_009.pdf</subfield>
  </datafield>
  <datafield tag="909" ind1="C" ind2="O">
    <subfield code="o">oai:atlantis.cern.ch:1446585</subfield>
    <subfield code="p">cerncds:THESES</subfield>
    <subfield code="p">cerncds:CERN</subfield>
  </datafield>
  <datafield tag="710" ind1=" " ind2=" ">
    <subfield code="5">PH</subfield>
  </datafield>
  <datafield tag="245" ind1=" " ind2=" ">
    <subfield code="a">Poszukiwanie bozonow Higgsa w akceleratorach LEP i LHC. A search for the Higgs bosons with LEP and LHC colliders</subfield>
  </datafield>
  <datafield tag="024" ind1="8" ind2=" ">
    <subfield code="a">oai:cds.cern.ch:1446585</subfield>
    <subfield code="p">cerncds:THESES</subfield>
    <subfield code="p">cerncds:CERN</subfield>
  </datafield>
  <datafield tag="035" ind1=" " ind2=" ">
    <subfield code="9">Inspire</subfield>
    <subfield code="a">1186202</subfield>
  </datafield>
  <datafield tag="260" ind1=" " ind2=" ">
    <subfield code="c">2006</subfield>
  </datafield>
  <datafield tag="100" ind1=" " ind2=" ">
    <subfield code="a">Bluj, Michal</subfield>
    <subfield code="i">INSPIRE-00039406</subfield>
    <subfield code="j">CCID-555141</subfield>
    <subfield code="u">Ecole Polytechnique</subfield>
  </datafield>
  <datafield tag="041" ind1=" " ind2=" ">
    <subfield code="a">eng</subfield>
  </datafield>
  <datafield tag="963" ind1=" " ind2=" ">
    <subfield code="a">PUBLIC</subfield>
  </datafield>
</record>