
<record>
  <datafield tag="037" ind1=" " ind2=" ">
    <subfield code="a">ATLAS-LVN-CS-2010-007</subfield>
  </datafield>
  <datafield tag="100" ind1=" " ind2=" ">
    <subfield code="a">Gilbert Poulard</subfield>
  </datafield>
  <datafield tag="245" ind1=" " ind2=" ">
    <subfield code="a">Information Protection of 'Atlas' TWiki</subfield>
  </datafield>
  <datafield tag="269" ind1=" " ind2=" ">
    <subfield code="c">2010-10-20</subfield>
  </datafield>
  <datafield tag="520" ind1=" " ind2=" ">
    <subfield code="b">&lt;!--HTML-->As announced during the last ATLAS week a large part of the TWiki domain "Atlas" is now protected. By default access rights are granted to all ATLAS Active Members. ATLAS public results pages remain open. Access to specific pages may be enlarged to other groups if needed. Such cases should be brought to the attention of the responsible person, who should contact Gilbert Poulard with the list of sub-domains (eg. computing) to which wider access should be provided.</subfield>
  </datafield>
  <datafield tag="650" ind1="1" ind2="7">
    <subfield code="2">SzGeCERN</subfield>
    <subfield code="a">ATLAS Live News</subfield>
  </datafield>
  <datafield tag="925" ind1=" " ind2=" ">
    <subfield code="a">2010-10-20</subfield>
    <subfield code="b">2010-12-20</subfield>
  </datafield>
  <datafield tag="980" ind1=" " ind2=" ">
    <subfield code="a">ATLVNCS</subfield>
  </datafield>
</record>