
<record>
  <datafield tag="037" ind1=" " ind2=" ">
    <subfield code="a">PHS-PHOTO-2012-001</subfield>
  </datafield>
  <datafield tag="245" ind1=" " ind2=" ">
    <subfield code="a">20th Meeting of the Council of SESAME</subfield>
  </datafield>
  <datafield tag="269" ind1=" " ind2=" ">
    <subfield code="b">CERN</subfield>
    <subfield code="a">Geneva</subfield>
    <subfield code="c">08 May 2012</subfield>
  </datafield>
  <datafield tag="500" ind1=" " ind2=" ">
    <subfield code="a">The picture is to be taken in the anti-chamber of the Charpak room. A table will be made available for this action. Stephanie Molinari/Wendy Korda will try to find a background picture for this purpose. The time to take the picture may vary between 12h/12h15 depending on the meeting. Also they have other commitments thereafter. I therefore kindly ask you to be present in advance. An e-mail has been sent in addition to this form to Max on 8th May. Merethe</subfield>
  </datafield>
  <datafield tag="518" ind1=" " ind2=" ">
    <subfield code="d">16 May 2012</subfield>
    <subfield code="h">12:00</subfield>
    <subfield code="m">16/05/2012</subfield>
  </datafield>
  <datafield tag="520" ind1=" " ind2=" ">
    <subfield code="a">Signature of the CERN-SESAME Protocol on Magnet Construction</subfield>
  </datafield>
  <datafield tag="595" ind1=" " ind2=" ">
    <subfield code="a">Photo Shoot</subfield>
  </datafield>
  <datafield tag="653" ind1="1" ind2=" ">
    <subfield code="a">CERN - SESAME protocol signature</subfield>
  </datafield>
  <datafield tag="859" ind1=" " ind2=" ">
    <subfield code="f">merethe.olafsen@cern.ch</subfield>
  </datafield>
  <datafield tag="923" ind1=" " ind2=" ">
    <subfield code="p">60-6-015</subfield>
  </datafield>
  <datafield tag="980" ind1=" " ind2=" ">
    <subfield code="a">CERNPHOTOSHOOT</subfield>
  </datafield>
</record>