
<record>
  <controlfield tag="003">SzGeCERN</controlfield>
  <controlfield tag="005">20110228134743.0</controlfield>
  <datafield tag="693" ind1=" " ind2=" ">
    <subfield code="a">CERN LHC</subfield>
    <subfield code="e">TOTEM</subfield>
  </datafield>
  <datafield tag="690" ind1="C" ind2=" ">
    <subfield code="a">ARTICLE</subfield>
  </datafield>
  <datafield tag="690" ind1="C" ind2=" ">
    <subfield code="a">CERN</subfield>
  </datafield>
  <datafield tag="690" ind1="C" ind2=" ">
    <subfield code="a">TOTEM_Proc</subfield>
  </datafield>
  <datafield tag="960" ind1=" " ind2=" ">
    <subfield code="a">13</subfield>
  </datafield>
  <datafield tag="650" ind1="1" ind2="7">
    <subfield code="2">SzGeCERN</subfield>
    <subfield code="a">XX</subfield>
  </datafield>
  <datafield tag="962" ind1=" " ind2=" ">
    <subfield code="b">000707743</subfield>
    <subfield code="k">59-65</subfield>
    <subfield code="n">labiodola20100527</subfield>
  </datafield>
  <datafield tag="963" ind1=" " ind2=" ">
    <subfield code="a">PUBLIC</subfield>
  </datafield>
  <datafield tag="980" ind1=" " ind2=" ">
    <subfield code="a">ARTICLE</subfield>
  </datafield>
  <datafield tag="980" ind1=" " ind2=" ">
    <subfield code="a">TOTEM_Proc</subfield>
  </datafield>
  <datafield tag="980" ind1=" " ind2=" ">
    <subfield code="a">ConferencePaper</subfield>
  </datafield>
  <datafield tag="710" ind1=" " ind2=" ">
    <subfield code="g">on behalf of the TOTEM Collaboration</subfield>
  </datafield>
  <datafield tag="245" ind1=" " ind2=" ">
    <subfield code="a">Diffraction at TOTEM</subfield>
  </datafield>
  <datafield tag="260" ind1=" " ind2=" ">
    <subfield code="c">2010</subfield>
  </datafield>
  <datafield tag="520" ind1=" " ind2=" ">
    <subfield code="a">The TOTEM experiment at the LHC is devoted to a deeper understanding of the pro- ton structure with the main goal being a precise measurement of the total proton-proton cross-section at LHC energies. In addition, TOTEM will measure elastic scattering over a wide |t|-range and perform comprehensive studies of diffractive processes and forward event topologies in inelastic proton-proton collisions. This article reviews the status of the experi- ment as well as the expected physics, especially in terms of diffraction, from the data taken in 2010 and to be taken in 2011, both in standard LHC and special dedicated TOTEM runs.</subfield>
  </datafield>
  <datafield tag="100" ind1=" " ind2=" ">
    <subfield code="a">Österberg, K</subfield>
    <subfield code="u">Helsinki Inst. of Phys.</subfield>
    <subfield code="u">Helsinki U.</subfield>
  </datafield>
  <datafield tag="916" ind1=" " ind2=" ">
    <subfield code="s">h</subfield>
    <subfield code="w">201101</subfield>
  </datafield>
  <datafield tag="041" ind1=" " ind2=" ">
    <subfield code="a">eng</subfield>
  </datafield>
  <datafield tag="961" ind1=" " ind2=" ">
    <subfield code="c">20110228</subfield>
    <subfield code="h">1347</subfield>
    <subfield code="l">CER01</subfield>
    <subfield code="x">20110106</subfield>
  </datafield>
</record>