
<record>
  <controlfield tag="003">SzGeCERN</controlfield>
  <controlfield tag="005">20110106144300.0</controlfield>
  <datafield tag="693" ind1=" " ind2=" ">
    <subfield code="a">CERN LHC</subfield>
    <subfield code="e">LHCf</subfield>
  </datafield>
  <datafield tag="690" ind1="C" ind2=" ">
    <subfield code="a">ARTICLE</subfield>
  </datafield>
  <datafield tag="690" ind1="C" ind2=" ">
    <subfield code="a">CERN</subfield>
  </datafield>
  <datafield tag="690" ind1="C" ind2=" ">
    <subfield code="a">LHCf_Proc</subfield>
  </datafield>
  <datafield tag="960" ind1=" " ind2=" ">
    <subfield code="a">13</subfield>
  </datafield>
  <datafield tag="962" ind1=" " ind2=" ">
    <subfield code="b">000707743</subfield>
    <subfield code="k">66-75</subfield>
    <subfield code="n">labiodola20100527</subfield>
  </datafield>
  <datafield tag="963" ind1=" " ind2=" ">
    <subfield code="a">PUBLIC</subfield>
  </datafield>
  <datafield tag="970" ind1=" " ind2=" ">
    <subfield code="a">002940261CER</subfield>
  </datafield>
  <datafield tag="980" ind1=" " ind2=" ">
    <subfield code="a">ARTICLE</subfield>
  </datafield>
  <datafield tag="980" ind1=" " ind2=" ">
    <subfield code="a">LHCf_Proc</subfield>
  </datafield>
  <datafield tag="980" ind1=" " ind2=" ">
    <subfield code="a">ConferencePaper</subfield>
  </datafield>
  <datafield tag="710" ind1=" " ind2=" ">
    <subfield code="g">on behalf of the LHCf Collaboration</subfield>
  </datafield>
  <datafield tag="260" ind1=" " ind2=" ">
    <subfield code="c">2010</subfield>
  </datafield>
  <datafield tag="520" ind1=" " ind2=" ">
    <subfield code="a">The LHCf experiment has been designed to precisely measure the γ and n energy spectra in the very forward region at LHC; these measurements are important to calibrate the Monte Carlo models widely used in the High Energy Cosmic Ray induced air showers analysis, allowing a better understanding of the experimental systematics. LHCf has started the data taking at the end of 2009, at 900 GeV center of mass energy, and has later on continued the data taking during the first part of 2010, when LHC center of mass energy was increased up to 7 TeV. Preliminary results of 900 GeV and 7 TeV data taking periods are reported in this paper.</subfield>
  </datafield>
  <datafield tag="650" ind1="1" ind2="7">
    <subfield code="2">SzGeCERN</subfield>
    <subfield code="a">XX</subfield>
  </datafield>
  <datafield tag="100" ind1=" " ind2=" ">
    <subfield code="a">Adriani, O</subfield>
    <subfield code="u">Florence U.</subfield>
    <subfield code="u">INFN, Florence</subfield>
  </datafield>
  <datafield tag="916" ind1=" " ind2=" ">
    <subfield code="s">h</subfield>
    <subfield code="w">201101</subfield>
  </datafield>
  <datafield tag="245" ind1=" " ind2=" ">
    <subfield code="a">LHCf and the connection with Cosmic Ray Physics</subfield>
  </datafield>
  <datafield tag="041" ind1=" " ind2=" ">
    <subfield code="a">eng</subfield>
  </datafield>
  <datafield tag="961" ind1=" " ind2=" ">
    <subfield code="c">20110106</subfield>
    <subfield code="h">1443</subfield>
    <subfield code="l">CER01</subfield>
    <subfield code="x">20110106</subfield>
  </datafield>
</record>