
<record>
  <datafield tag="690" ind1="C" ind2=" ">
    <subfield code="a">CERNEXPERIMENTBROCHURE</subfield>
  </datafield>
  <datafield tag="595" ind1=" " ind2=" ">
    <subfield code="a">CERN EDS</subfield>
  </datafield>
  <datafield tag="773" ind1=" " ind2=" ">
    <subfield code="p">Resource on IPPOG</subfield>
    <subfield code="u">http://ippog.web.cern.ch/resources/2011/story-universe</subfield>
  </datafield>
  <datafield tag="856" ind1="4" ind2=" ">
    <subfield code="u">http://cdsweb.cern.ch/record/1458887/files/The Story of  the Universe.pdf</subfield>
  </datafield>
  <datafield tag="856" ind1="4" ind2=" ">
    <subfield code="u">http://cdsweb.cern.ch/record/1458887/files/The Story of  the Universe.gif?subformat=icon</subfield>
    <subfield code="x">icon</subfield>
  </datafield>
  <datafield tag="856" ind1="4" ind2=" ">
    <subfield code="u">http://cdsweb.cern.ch/record/1458887/files/The Story of  the Universe.gif?subformat=icon-700</subfield>
    <subfield code="x">icon-700</subfield>
  </datafield>
  <datafield tag="856" ind1="4" ind2=" ">
    <subfield code="u">http://cdsweb.cern.ch/record/1458887/files/The Story of  the Universe.pdf?subformat=pdfa</subfield>
    <subfield code="x">pdfa</subfield>
  </datafield>
  <datafield tag="300" ind1=" " ind2=" ">
    <subfield code="a">16 p</subfield>
  </datafield>
  <datafield tag="980" ind1=" " ind2=" ">
    <subfield code="a">BROCHURE</subfield>
  </datafield>
  <datafield tag="859" ind1=" " ind2=" ">
    <subfield code="f">christiane.montarbaud@cern.ch</subfield>
  </datafield>
  <datafield tag="037" ind1=" " ind2=" ">
    <subfield code="a">CMS-Brochure-2003-001-Eng (taken from)</subfield>
  </datafield>
  <datafield tag="245" ind1=" " ind2=" ">
    <subfield code="a">The Story of the Universe</subfield>
  </datafield>
  <datafield tag="260" ind1=" " ind2=" ">
    <subfield code="c">2003</subfield>
  </datafield>
  <datafield tag="520" ind1=" " ind2=" ">
    <subfield code="a">&lt;!--HTML-->&lt;br>These pages were extracted from the 2003 CMS Experiment Brochure. These pages explain the story of our universe and how it was formed over time. All explanations are coupled with simple colorful illustrations, one per sheet. Each can be used as an individual teaching aid or together as a set. &lt;/br>&lt;br>Topics covered: &lt;/br>&lt;br>- Quantum Gravity Era&lt;/br>&lt;br>- Grand Unification Era &lt;/br>&lt;br>- Electro Weak Era &lt;/br>&lt;br>- Protons and Neutrons Formation&lt;/br>&lt;br>- Nuclei formation&lt;/br>&lt;br>- Atoms and Light Era &lt;/br>&lt;br>- Galaxy Formation &lt;/br>&lt;br>- Today Humans wondering where this all came from&lt;/br>&lt;br>-  The Size of Things - Instruments and the observables&lt;/br>&lt;br>- Particles (Leptons &amp; Quarks) &lt;/br>&lt;br>-Forces &lt;/br>&lt;br>- Interactions: coupling of forces to matter &lt;/br>&lt;br>- Short history and new frontiers &lt;/br>&lt;br>- Unification of forces &lt;/br>&lt;br>- Summary (includes timeline of theories/discoveries)</subfield>
  </datafield>
  <datafield tag="653" ind1="1" ind2=" ">
    <subfield code="a">matter - antimatter</subfield>
  </datafield>
  <datafield tag="653" ind1="1" ind2=" ">
    <subfield code="a">forces</subfield>
  </datafield>
  <datafield tag="653" ind1="1" ind2=" ">
    <subfield code="a">particles</subfield>
  </datafield>
  <datafield tag="653" ind1="1" ind2=" ">
    <subfield code="a">mass</subfield>
  </datafield>
  <datafield tag="653" ind1="1" ind2=" ">
    <subfield code="a">quark gluon plasma</subfield>
  </datafield>
  <datafield tag="960" ind1=" " ind2=" ">
    <subfield code="a">101</subfield>
  </datafield>
  <datafield tag="100" ind1=" " ind2=" ">
    <subfield code="a">CMS Outreach</subfield>
  </datafield>
  <datafield tag="269" ind1=" " ind2=" ">
    <subfield code="a">Geneva</subfield>
    <subfield code="b">CERN</subfield>
    <subfield code="c">2003</subfield>
  </datafield>
  <datafield tag="041" ind1=" " ind2=" ">
    <subfield code="a">eng</subfield>
  </datafield>
</record>