
<record>
  <controlfield tag="003">SzGeCERN</controlfield>
  <controlfield tag="005">20091216100014.0</controlfield>
  <datafield tag="041" ind1=" " ind2=" ">
    <subfield code="a">eng</subfield>
  </datafield>
  <datafield tag="100" ind1=" " ind2=" ">
    <subfield code="a">González de la Hoza, S</subfield>
    <subfield code="u">Valencia U., IFIC</subfield>
  </datafield>
  <datafield tag="245" ind1=" " ind2=" ">
    <subfield code="a">Analysis facility infrastructure (Tier-3) for ATLAS experiment</subfield>
  </datafield>
  <datafield tag="260" ind1=" " ind2=" ">
    <subfield code="c">2008</subfield>
  </datafield>
  <datafield tag="500" ind1=" " ind2=" ">
    <subfield code="a">Scientific Note</subfield>
  </datafield>
  <datafield tag="520" ind1=" " ind2=" ">
    <subfield code="a">In the ATLAS computing model the tiered hierarchy ranged from the Tier-0 (CERN) down to desktops or workstations (Tier-3). The focus on defining the roles of each tiered component has evolved with the initial emphasis on the Tier-0 and Tier-1 definition and roles. The various LHC (Large Hadron Collider) projects, including ATLAS, then evolved the tiered hierarchy to include Tier-2’s (Regional centers) as part of their projects. Tier-3 centres, on the other hand, have been defined as whatever an institution could construct to support their Physics goals using institutional and otherwise leveraged resources and therefore have not been considered to be part of the official ATLAS computing resources. However, Tier-3 centres are going to exist and will have implications on how the computing model should support ATLAS physicists. Tier-3 users will want to access LHC data and simulations and will want to enable their resources to support their analysis and simulation work. This document will define how IFIC (Instituto de F´ısica Corpuscular de Valencia), after discussing with the ATLAS Tier-3 task force, should interact with the ATLAS computing model, detail the conditions under which Tier-3 centres can expect some level of support and set reasonable expectations for the scope and support of ATLAS Tier-3 sites.</subfield>
  </datafield>
  <datafield tag="650" ind1="1" ind2="7">
    <subfield code="2">SzGeCERN</subfield>
    <subfield code="a">Particle Physics - Experiment</subfield>
  </datafield>
  <datafield tag="690" ind1="C" ind2=" ">
    <subfield code="a">ARTICLE</subfield>
  </datafield>
  <datafield tag="690" ind1="C" ind2=" ">
    <subfield code="a">CERN</subfield>
  </datafield>
  <datafield tag="690" ind1="C" ind2=" ">
    <subfield code="a">SCIENTIFIC NOTE</subfield>
  </datafield>
  <datafield tag="693" ind1=" " ind2=" ">
    <subfield code="a">CERN LHC</subfield>
    <subfield code="e">ATLAS</subfield>
  </datafield>
  <datafield tag="700" ind1=" " ind2=" ">
    <subfield code="a">March, L</subfield>
    <subfield code="u">Valencia U., IFIC</subfield>
  </datafield>
  <datafield tag="700" ind1=" " ind2=" ">
    <subfield code="a">Ros, E</subfield>
    <subfield code="u">Valencia U., IFIC</subfield>
  </datafield>
  <datafield tag="700" ind1=" " ind2=" ">
    <subfield code="a">Sánchez, J</subfield>
    <subfield code="u">Valencia U., IFIC</subfield>
  </datafield>
  <datafield tag="700" ind1=" " ind2=" ">
    <subfield code="a">Amorós, G</subfield>
    <subfield code="u">Valencia U., IFIC</subfield>
  </datafield>
  <datafield tag="700" ind1=" " ind2=" ">
    <subfield code="a">Fassi, F</subfield>
    <subfield code="u">Valencia U., IFIC</subfield>
  </datafield>
  <datafield tag="700" ind1=" " ind2=" ">
    <subfield code="a">Fernández, A</subfield>
    <subfield code="u">Valencia U., IFIC</subfield>
  </datafield>
  <datafield tag="700" ind1=" " ind2=" ">
    <subfield code="a">Kaci, M</subfield>
    <subfield code="u">Valencia U., IFIC</subfield>
  </datafield>
  <datafield tag="700" ind1=" " ind2=" ">
    <subfield code="a">Lamas, A</subfield>
    <subfield code="u">Valencia U., IFIC</subfield>
  </datafield>
  <datafield tag="700" ind1=" " ind2=" ">
    <subfield code="a">Salt, J</subfield>
    <subfield code="u">Valencia U., IFIC</subfield>
  </datafield>
  <datafield tag="710" ind1=" " ind2=" ">
    <subfield code="5">PH-EP</subfield>
  </datafield>
  <datafield tag="773" ind1=" " ind2=" ">
    <subfield code="c">691–697</subfield>
    <subfield code="p">Eur. Phys. J. C</subfield>
    <subfield code="v">54</subfield>
    <subfield code="y">2008</subfield>
  </datafield>
  <datafield tag="916" ind1=" " ind2=" ">
    <subfield code="s">n</subfield>
    <subfield code="w">200951</subfield>
  </datafield>
  <datafield tag="960" ind1=" " ind2=" ">
    <subfield code="a">13</subfield>
  </datafield>
  <datafield tag="961" ind1=" " ind2=" ">
    <subfield code="c">20100208</subfield>
    <subfield code="h">1156</subfield>
    <subfield code="l">CER01</subfield>
    <subfield code="x">20091216</subfield>
  </datafield>
  <datafield tag="963" ind1=" " ind2=" ">
    <subfield code="a">PUBLIC</subfield>
  </datafield>
  <datafield tag="970" ind1=" " ind2=" ">
    <subfield code="a">002864303CER</subfield>
  </datafield>
  <datafield tag="980" ind1=" " ind2=" ">
    <subfield code="a">SCINOTEATLAS</subfield>
  </datafield>
  <datafield tag="980" ind1=" " ind2=" ">
    <subfield code="b">ARTICLE</subfield>
  </datafield>
</record>