
<record>
  <datafield tag="088" ind1=" " ind2=" ">
    <subfield code="a">CFO-IN-2004-104</subfield>
  </datafield>
  <datafield tag="100" ind1=" " ind2=" ">
    <subfield code="a">Mandica</subfield>
  </datafield>
  <datafield tag="245" ind1=" " ind2=" ">
    <subfield code="a">Casques d'ecoutes 60-6-002</subfield>
    <subfield code="k">email</subfield>
  </datafield>
  <datafield tag="260" ind1=" " ind2=" ">
    <subfield code="c">2004</subfield>
  </datafield>
  <datafield tag="269" ind1=" " ind2=" ">
    <subfield code="c">08 Apr 2004</subfield>
  </datafield>
  <datafield tag="583" ind1=" " ind2=" ">
    <subfield code="a">Completed</subfield>
  </datafield>
  <datafield tag="583" ind1=" " ind2=" ">
    <subfield code="i">IN</subfield>
  </datafield>
  <datafield tag="595" ind1=" " ind2=" ">
    <subfield code="a">CERN EDS</subfield>
  </datafield>
  <datafield tag="650" ind1="1" ind2="7">
    <subfield code="2">SzGeCERN</subfield>
    <subfield code="a">Misc</subfield>
  </datafield>
  <datafield tag="653" ind1="1" ind2=" ">
    <subfield code="9">CERN</subfield>
  </datafield>
  <datafield tag="859" ind1=" " ind2=" ">
    <subfield code="f">nathalie.gavel@cern.ch</subfield>
  </datafield>
  <datafield tag="916" ind1=" " ind2=" ">
    <subfield code="s">n</subfield>
    <subfield code="w">200416</subfield>
  </datafield>
  <datafield tag="926" ind1=" " ind2=" ">
    <subfield code="a">Richards,J</subfield>
  </datafield>
  <datafield tag="928" ind1=" " ind2=" ">
    <subfield code="a">AJN</subfield>
  </datafield>
  <datafield tag="960" ind1=" " ind2=" ">
    <subfield code="a">39</subfield>
  </datafield>
  <datafield tag="980" ind1=" " ind2=" ">
    <subfield code="a">CFOOFFICE</subfield>
  </datafield>
  <datafield tag="856" ind1="4" ind2=" ">
    <subfield code="u">http://doc.cern.ch/cgi-bin/setlink?base=cfo&amp;categ=private&amp;id=CFO-IN-2004-104</subfield>
    <subfield code="y">Access to Documents</subfield>
  </datafield>
  <datafield tag="856" ind1="4" ind2=" ">
    <subfield code="u">http://cdsweb.cern.ch/record/729823/files/cfo-in-2004-104.msg</subfield>
    <subfield code="y">Access to Documents</subfield>
  </datafield>
</record>