
<record>
  <datafield tag="980" ind1=" " ind2=" ">
    <subfield code="a">PHOTOLAB</subfield>
  </datafield>
  <datafield tag="960" ind1=" " ind2=" ">
    <subfield code="a">81</subfield>
  </datafield>
  <datafield tag="963" ind1=" " ind2=" ">
    <subfield code="a">PUBLIC</subfield>
  </datafield>
  <datafield tag="595" ind1=" " ind2=" ">
    <subfield code="a">CERN EDS</subfield>
  </datafield>
  <datafield tag="650" ind1="1" ind2="7">
    <subfield code="2">SzGeCERN</subfield>
    <subfield code="a">Experiments and Tracks</subfield>
  </datafield>
  <datafield tag="037" ind1=" " ind2=" ">
    <subfield code="a">CERN-EX-1210207</subfield>
  </datafield>
  <datafield tag="041" ind1=" " ind2=" ">
    <subfield code="a">eng</subfield>
  </datafield>
  <datafield tag="245" ind1=" " ind2=" ">
    <subfield code="a">ATLAS Experiment celebrates its 20th birthday during ATLAS week in Montreux, October 2012</subfield>
  </datafield>
  <datafield tag="100" ind1=" " ind2=" ">
    <subfield code="a">claudia marcelloni</subfield>
  </datafield>
  <datafield tag="269" ind1=" " ind2=" ">
    <subfield code="c">01 Oct 2012</subfield>
  </datafield>
  <datafield tag="340" ind1=" " ind2=" ">
    <subfield code="a">DIGITAL</subfield>
  </datafield>
  <datafield tag="542" ind1=" " ind2=" ">
    <subfield code="d">CERN</subfield>
    <subfield code="f">ATLAS Experiment © CERN</subfield>
    <subfield code="g">2012</subfield>
  </datafield>
  <datafield tag="859" ind1=" " ind2=" ">
    <subfield code="f">claudia.marcelloni@cern.ch</subfield>
  </datafield>
  <datafield tag="260" ind1=" " ind2=" ">
    <subfield code="c">2012</subfield>
  </datafield>
  <datafield tag="653" ind1="1" ind2=" ">
    <subfield code="a">ATLAS</subfield>
    <subfield code="9">CERN</subfield>
  </datafield>
  <datafield tag="653" ind1="1" ind2=" ">
    <subfield code="a">week</subfield>
    <subfield code="9">CERN</subfield>
  </datafield>
  <datafield tag="653" ind1="1" ind2=" ">
    <subfield code="a">montreux</subfield>
    <subfield code="9">CERN</subfield>
  </datafield>
  <datafield tag="653" ind1="1" ind2=" ">
    <subfield code="a">birthday</subfield>
    <subfield code="9">CERN</subfield>
  </datafield>
  <datafield tag="653" ind1="1" ind2=" ">
    <subfield code="a">celebration</subfield>
    <subfield code="9">CERN</subfield>
  </datafield>
  <datafield tag="653" ind1="1" ind2=" ">
    <subfield code="a">20th</subfield>
    <subfield code="9">CERN</subfield>
  </datafield>
  <datafield tag="856" ind1="7" ind2=" ">
    <subfield code="8">12</subfield>
    <subfield code="2">MediaArchive</subfield>
    <subfield code="d">\\cern.ch\dfs\Services\MediaArchive\Photo\Masters\2012\1210207\1210207_12.jpg</subfield>
    <subfield code="x">Absolute master path</subfield>
  </datafield>
  <datafield tag="856" ind1="7" ind2=" ">
    <subfield code="8">13</subfield>
    <subfield code="2">MediaArchive</subfield>
    <subfield code="d">\\cern.ch\dfs\Services\MediaArchive\Photo\Masters\2012\1210207\1210207_13.jpg</subfield>
    <subfield code="x">Absolute master path</subfield>
  </datafield>
  <datafield tag="856" ind1="7" ind2=" ">
    <subfield code="8">30</subfield>
    <subfield code="2">MediaArchive</subfield>
    <subfield code="d">\\cern.ch\dfs\Services\MediaArchive\Photo\Masters\2012\1210207\1210207_30.jpg</subfield>
    <subfield code="x">Absolute master path</subfield>
  </datafield>
  <datafield tag="856" ind1="7" ind2=" ">
    <subfield code="8">31</subfield>
    <subfield code="2">MediaArchive</subfield>
    <subfield code="d">\\cern.ch\dfs\Services\MediaArchive\Photo\Masters\2012\1210207\1210207_31.jpg</subfield>
    <subfield code="x">Absolute master path</subfield>
  </datafield>
  <datafield tag="856" ind1="7" ind2=" ">
    <subfield code="8">32</subfield>
    <subfield code="2">MediaArchive</subfield>
    <subfield code="d">\\cern.ch\dfs\Services\MediaArchive\Photo\Masters\2012\1210207\1210207_32.jpg</subfield>
    <subfield code="x">Absolute master path</subfield>
  </datafield>
  <datafield tag="856" ind1="7" ind2=" ">
    <subfield code="8">33</subfield>
    <subfield code="2">MediaArchive</subfield>
    <subfield code="d">\\cern.ch\dfs\Services\MediaArchive\Photo\Masters\2012\1210207\1210207_33.jpg</subfield>
    <subfield code="x">Absolute master path</subfield>
  </datafield>
  <datafield tag="856" ind1="7" ind2=" ">
    <subfield code="8">34</subfield>
    <subfield code="2">MediaArchive</subfield>
    <subfield code="d">\\cern.ch\dfs\Services\MediaArchive\Photo\Masters\2012\1210207\1210207_34.jpg</subfield>
    <subfield code="x">Absolute master path</subfield>
  </datafield>
  <datafield tag="856" ind1="7" ind2=" ">
    <subfield code="8">35</subfield>
    <subfield code="2">MediaArchive</subfield>
    <subfield code="d">\\cern.ch\dfs\Services\MediaArchive\Photo\Masters\2012\1210207\1210207_35.jpg</subfield>
    <subfield code="x">Absolute master path</subfield>
  </datafield>
  <datafield tag="856" ind1="7" ind2=" ">
    <subfield code="8">01</subfield>
    <subfield code="2">MediaArchive</subfield>
    <subfield code="d">\\cern.ch\dfs\Services\MediaArchive\Photo\Masters\2012\1210207\1210207_01.jpg</subfield>
    <subfield code="x">Absolute master path</subfield>
  </datafield>
  <datafield tag="856" ind1="7" ind2=" ">
    <subfield code="y">A4 at 144 dpi</subfield>
    <subfield code="8">01</subfield>
    <subfield code="2">MediaArchive</subfield>
    <subfield code="u">http://mediaarchive.cern.ch/MediaArchive/Photo/Public/2012/1210207/1210207_01/1210207_01-A4-at-144-dpi.jpg</subfield>
    <subfield code="x">jpgA4</subfield>
  </datafield>
  <datafield tag="856" ind1="7" ind2=" ">
    <subfield code="y">A5 at 72 dpi</subfield>
    <subfield code="8">01</subfield>
    <subfield code="2">MediaArchive</subfield>
    <subfield code="u">http://mediaarchive.cern.ch/MediaArchive/Photo/Public/2012/1210207/1210207_01/1210207_01-A5-at-72-dpi.jpg</subfield>
    <subfield code="x">jpgA5</subfield>
  </datafield>
  <datafield tag="856" ind1="7" ind2=" ">
    <subfield code="y">Icon</subfield>
    <subfield code="8">01</subfield>
    <subfield code="2">MediaArchive</subfield>
    <subfield code="u">http://mediaarchive.cern.ch/MediaArchive/Photo/Public/2012/1210207/1210207_01/1210207_01-Icon.jpg</subfield>
    <subfield code="x">jpgIcon</subfield>
  </datafield>
  <datafield tag="856" ind1="7" ind2=" ">
    <subfield code="8">04</subfield>
    <subfield code="2">MediaArchive</subfield>
    <subfield code="d">\\cern.ch\dfs\Services\MediaArchive\Photo\Masters\2012\1210207\1210207_04.jpg</subfield>
    <subfield code="x">Absolute master path</subfield>
  </datafield>
  <datafield tag="856" ind1="7" ind2=" ">
    <subfield code="y">A4 at 144 dpi</subfield>
    <subfield code="8">04</subfield>
    <subfield code="2">MediaArchive</subfield>
    <subfield code="u">http://mediaarchive.cern.ch/MediaArchive/Photo/Public/2012/1210207/1210207_04/1210207_04-A4-at-144-dpi.jpg</subfield>
    <subfield code="x">jpgA4</subfield>
  </datafield>
  <datafield tag="856" ind1="7" ind2=" ">
    <subfield code="y">A5 at 72 dpi</subfield>
    <subfield code="8">04</subfield>
    <subfield code="2">MediaArchive</subfield>
    <subfield code="u">http://mediaarchive.cern.ch/MediaArchive/Photo/Public/2012/1210207/1210207_04/1210207_04-A5-at-72-dpi.jpg</subfield>
    <subfield code="x">jpgA5</subfield>
  </datafield>
  <datafield tag="856" ind1="7" ind2=" ">
    <subfield code="y">Icon</subfield>
    <subfield code="8">04</subfield>
    <subfield code="2">MediaArchive</subfield>
    <subfield code="u">http://mediaarchive.cern.ch/MediaArchive/Photo/Public/2012/1210207/1210207_04/1210207_04-Icon.jpg</subfield>
    <subfield code="x">jpgIcon</subfield>
  </datafield>
  <datafield tag="856" ind1="7" ind2=" ">
    <subfield code="8">03</subfield>
    <subfield code="2">MediaArchive</subfield>
    <subfield code="d">\\cern.ch\dfs\Services\MediaArchive\Photo\Masters\2012\1210207\1210207_03.jpg</subfield>
    <subfield code="x">Absolute master path</subfield>
  </datafield>
  <datafield tag="856" ind1="7" ind2=" ">
    <subfield code="y">A4 at 144 dpi</subfield>
    <subfield code="8">03</subfield>
    <subfield code="2">MediaArchive</subfield>
    <subfield code="u">http://mediaarchive.cern.ch/MediaArchive/Photo/Public/2012/1210207/1210207_03/1210207_03-A4-at-144-dpi.jpg</subfield>
    <subfield code="x">jpgA4</subfield>
  </datafield>
  <datafield tag="856" ind1="7" ind2=" ">
    <subfield code="y">A5 at 72 dpi</subfield>
    <subfield code="8">03</subfield>
    <subfield code="2">MediaArchive</subfield>
    <subfield code="u">http://mediaarchive.cern.ch/MediaArchive/Photo/Public/2012/1210207/1210207_03/1210207_03-A5-at-72-dpi.jpg</subfield>
    <subfield code="x">jpgA5</subfield>
  </datafield>
  <datafield tag="856" ind1="7" ind2=" ">
    <subfield code="y">Icon</subfield>
    <subfield code="8">03</subfield>
    <subfield code="2">MediaArchive</subfield>
    <subfield code="u">http://mediaarchive.cern.ch/MediaArchive/Photo/Public/2012/1210207/1210207_03/1210207_03-Icon.jpg</subfield>
    <subfield code="x">jpgIcon</subfield>
  </datafield>
  <datafield tag="856" ind1="7" ind2=" ">
    <subfield code="8">05</subfield>
    <subfield code="2">MediaArchive</subfield>
    <subfield code="d">\\cern.ch\dfs\Services\MediaArchive\Photo\Masters\2012\1210207\1210207_05.jpg</subfield>
    <subfield code="x">Absolute master path</subfield>
  </datafield>
  <datafield tag="856" ind1="7" ind2=" ">
    <subfield code="y">A4 at 144 dpi</subfield>
    <subfield code="8">05</subfield>
    <subfield code="2">MediaArchive</subfield>
    <subfield code="u">http://mediaarchive.cern.ch/MediaArchive/Photo/Public/2012/1210207/1210207_05/1210207_05-A4-at-144-dpi.jpg</subfield>
    <subfield code="x">jpgA4</subfield>
  </datafield>
  <datafield tag="856" ind1="7" ind2=" ">
    <subfield code="y">A5 at 72 dpi</subfield>
    <subfield code="8">05</subfield>
    <subfield code="2">MediaArchive</subfield>
    <subfield code="u">http://mediaarchive.cern.ch/MediaArchive/Photo/Public/2012/1210207/1210207_05/1210207_05-A5-at-72-dpi.jpg</subfield>
    <subfield code="x">jpgA5</subfield>
  </datafield>
  <datafield tag="856" ind1="7" ind2=" ">
    <subfield code="y">Icon</subfield>
    <subfield code="8">05</subfield>
    <subfield code="2">MediaArchive</subfield>
    <subfield code="u">http://mediaarchive.cern.ch/MediaArchive/Photo/Public/2012/1210207/1210207_05/1210207_05-Icon.jpg</subfield>
    <subfield code="x">jpgIcon</subfield>
  </datafield>
  <datafield tag="856" ind1="7" ind2=" ">
    <subfield code="8">02</subfield>
    <subfield code="2">MediaArchive</subfield>
    <subfield code="d">\\cern.ch\dfs\Services\MediaArchive\Photo\Masters\2012\1210207\1210207_02.jpg</subfield>
    <subfield code="x">Absolute master path</subfield>
  </datafield>
  <datafield tag="856" ind1="7" ind2=" ">
    <subfield code="y">A4 at 144 dpi</subfield>
    <subfield code="8">02</subfield>
    <subfield code="2">MediaArchive</subfield>
    <subfield code="u">http://mediaarchive.cern.ch/MediaArchive/Photo/Public/2012/1210207/1210207_02/1210207_02-A4-at-144-dpi.jpg</subfield>
    <subfield code="x">jpgA4</subfield>
  </datafield>
  <datafield tag="856" ind1="7" ind2=" ">
    <subfield code="y">A5 at 72 dpi</subfield>
    <subfield code="8">02</subfield>
    <subfield code="2">MediaArchive</subfield>
    <subfield code="u">http://mediaarchive.cern.ch/MediaArchive/Photo/Public/2012/1210207/1210207_02/1210207_02-A5-at-72-dpi.jpg</subfield>
    <subfield code="x">jpgA5</subfield>
  </datafield>
  <datafield tag="856" ind1="7" ind2=" ">
    <subfield code="y">Icon</subfield>
    <subfield code="8">02</subfield>
    <subfield code="2">MediaArchive</subfield>
    <subfield code="u">http://mediaarchive.cern.ch/MediaArchive/Photo/Public/2012/1210207/1210207_02/1210207_02-Icon.jpg</subfield>
    <subfield code="x">jpgIcon</subfield>
  </datafield>
  <datafield tag="856" ind1="7" ind2=" ">
    <subfield code="8">06</subfield>
    <subfield code="2">MediaArchive</subfield>
    <subfield code="d">\\cern.ch\dfs\Services\MediaArchive\Photo\Masters\2012\1210207\1210207_06.jpg</subfield>
    <subfield code="x">Absolute master path</subfield>
  </datafield>
  <datafield tag="856" ind1="7" ind2=" ">
    <subfield code="y">A4 at 144 dpi</subfield>
    <subfield code="8">06</subfield>
    <subfield code="2">MediaArchive</subfield>
    <subfield code="u">http://mediaarchive.cern.ch/MediaArchive/Photo/Public/2012/1210207/1210207_06/1210207_06-A4-at-144-dpi.jpg</subfield>
    <subfield code="x">jpgA4</subfield>
  </datafield>
  <datafield tag="856" ind1="7" ind2=" ">
    <subfield code="y">A5 at 72 dpi</subfield>
    <subfield code="8">06</subfield>
    <subfield code="2">MediaArchive</subfield>
    <subfield code="u">http://mediaarchive.cern.ch/MediaArchive/Photo/Public/2012/1210207/1210207_06/1210207_06-A5-at-72-dpi.jpg</subfield>
    <subfield code="x">jpgA5</subfield>
  </datafield>
  <datafield tag="856" ind1="7" ind2=" ">
    <subfield code="y">Icon</subfield>
    <subfield code="8">06</subfield>
    <subfield code="2">MediaArchive</subfield>
    <subfield code="u">http://mediaarchive.cern.ch/MediaArchive/Photo/Public/2012/1210207/1210207_06/1210207_06-Icon.jpg</subfield>
    <subfield code="x">jpgIcon</subfield>
  </datafield>
  <datafield tag="856" ind1="7" ind2=" ">
    <subfield code="8">11</subfield>
    <subfield code="2">MediaArchive</subfield>
    <subfield code="d">\\cern.ch\dfs\Services\MediaArchive\Photo\Masters\2012\1210207\1210207_11.jpg</subfield>
    <subfield code="x">Absolute master path</subfield>
  </datafield>
  <datafield tag="856" ind1="7" ind2=" ">
    <subfield code="y">A4 at 144 dpi</subfield>
    <subfield code="8">11</subfield>
    <subfield code="2">MediaArchive</subfield>
    <subfield code="u">http://mediaarchive.cern.ch/MediaArchive/Photo/Public/2012/1210207/1210207_11/1210207_11-A4-at-144-dpi.jpg</subfield>
    <subfield code="x">jpgA4</subfield>
  </datafield>
  <datafield tag="856" ind1="7" ind2=" ">
    <subfield code="y">A5 at 72 dpi</subfield>
    <subfield code="8">11</subfield>
    <subfield code="2">MediaArchive</subfield>
    <subfield code="u">http://mediaarchive.cern.ch/MediaArchive/Photo/Public/2012/1210207/1210207_11/1210207_11-A5-at-72-dpi.jpg</subfield>
    <subfield code="x">jpgA5</subfield>
  </datafield>
  <datafield tag="856" ind1="7" ind2=" ">
    <subfield code="y">Icon</subfield>
    <subfield code="8">11</subfield>
    <subfield code="2">MediaArchive</subfield>
    <subfield code="u">http://mediaarchive.cern.ch/MediaArchive/Photo/Public/2012/1210207/1210207_11/1210207_11-Icon.jpg</subfield>
    <subfield code="x">jpgIcon</subfield>
  </datafield>
  <datafield tag="856" ind1="7" ind2=" ">
    <subfield code="8">08</subfield>
    <subfield code="2">MediaArchive</subfield>
    <subfield code="d">\\cern.ch\dfs\Services\MediaArchive\Photo\Masters\2012\1210207\1210207_08.jpg</subfield>
    <subfield code="x">Absolute master path</subfield>
  </datafield>
  <datafield tag="856" ind1="7" ind2=" ">
    <subfield code="y">A4 at 144 dpi</subfield>
    <subfield code="8">08</subfield>
    <subfield code="2">MediaArchive</subfield>
    <subfield code="u">http://mediaarchive.cern.ch/MediaArchive/Photo/Public/2012/1210207/1210207_08/1210207_08-A4-at-144-dpi.jpg</subfield>
    <subfield code="x">jpgA4</subfield>
  </datafield>
  <datafield tag="856" ind1="7" ind2=" ">
    <subfield code="y">A5 at 72 dpi</subfield>
    <subfield code="8">08</subfield>
    <subfield code="2">MediaArchive</subfield>
    <subfield code="u">http://mediaarchive.cern.ch/MediaArchive/Photo/Public/2012/1210207/1210207_08/1210207_08-A5-at-72-dpi.jpg</subfield>
    <subfield code="x">jpgA5</subfield>
  </datafield>
  <datafield tag="856" ind1="7" ind2=" ">
    <subfield code="y">Icon</subfield>
    <subfield code="8">08</subfield>
    <subfield code="2">MediaArchive</subfield>
    <subfield code="u">http://mediaarchive.cern.ch/MediaArchive/Photo/Public/2012/1210207/1210207_08/1210207_08-Icon.jpg</subfield>
    <subfield code="x">jpgIcon</subfield>
  </datafield>
  <datafield tag="856" ind1="7" ind2=" ">
    <subfield code="8">10</subfield>
    <subfield code="2">MediaArchive</subfield>
    <subfield code="d">\\cern.ch\dfs\Services\MediaArchive\Photo\Masters\2012\1210207\1210207_10.jpg</subfield>
    <subfield code="x">Absolute master path</subfield>
  </datafield>
  <datafield tag="856" ind1="7" ind2=" ">
    <subfield code="y">A4 at 144 dpi</subfield>
    <subfield code="8">10</subfield>
    <subfield code="2">MediaArchive</subfield>
    <subfield code="u">http://mediaarchive.cern.ch/MediaArchive/Photo/Public/2012/1210207/1210207_10/1210207_10-A4-at-144-dpi.jpg</subfield>
    <subfield code="x">jpgA4</subfield>
  </datafield>
  <datafield tag="856" ind1="7" ind2=" ">
    <subfield code="y">A5 at 72 dpi</subfield>
    <subfield code="8">10</subfield>
    <subfield code="2">MediaArchive</subfield>
    <subfield code="u">http://mediaarchive.cern.ch/MediaArchive/Photo/Public/2012/1210207/1210207_10/1210207_10-A5-at-72-dpi.jpg</subfield>
    <subfield code="x">jpgA5</subfield>
  </datafield>
  <datafield tag="856" ind1="7" ind2=" ">
    <subfield code="y">Icon</subfield>
    <subfield code="8">10</subfield>
    <subfield code="2">MediaArchive</subfield>
    <subfield code="u">http://mediaarchive.cern.ch/MediaArchive/Photo/Public/2012/1210207/1210207_10/1210207_10-Icon.jpg</subfield>
    <subfield code="x">jpgIcon</subfield>
  </datafield>
  <datafield tag="856" ind1="7" ind2=" ">
    <subfield code="8">09</subfield>
    <subfield code="2">MediaArchive</subfield>
    <subfield code="d">\\cern.ch\dfs\Services\MediaArchive\Photo\Masters\2012\1210207\1210207_09.jpg</subfield>
    <subfield code="x">Absolute master path</subfield>
  </datafield>
  <datafield tag="856" ind1="7" ind2=" ">
    <subfield code="y">A4 at 144 dpi</subfield>
    <subfield code="8">09</subfield>
    <subfield code="2">MediaArchive</subfield>
    <subfield code="u">http://mediaarchive.cern.ch/MediaArchive/Photo/Public/2012/1210207/1210207_09/1210207_09-A4-at-144-dpi.jpg</subfield>
    <subfield code="x">jpgA4</subfield>
  </datafield>
  <datafield tag="856" ind1="7" ind2=" ">
    <subfield code="y">A5 at 72 dpi</subfield>
    <subfield code="8">09</subfield>
    <subfield code="2">MediaArchive</subfield>
    <subfield code="u">http://mediaarchive.cern.ch/MediaArchive/Photo/Public/2012/1210207/1210207_09/1210207_09-A5-at-72-dpi.jpg</subfield>
    <subfield code="x">jpgA5</subfield>
  </datafield>
  <datafield tag="856" ind1="7" ind2=" ">
    <subfield code="y">Icon</subfield>
    <subfield code="8">09</subfield>
    <subfield code="2">MediaArchive</subfield>
    <subfield code="u">http://mediaarchive.cern.ch/MediaArchive/Photo/Public/2012/1210207/1210207_09/1210207_09-Icon.jpg</subfield>
    <subfield code="x">jpgIcon</subfield>
  </datafield>
  <datafield tag="856" ind1="7" ind2=" ">
    <subfield code="8">07</subfield>
    <subfield code="2">MediaArchive</subfield>
    <subfield code="d">\\cern.ch\dfs\Services\MediaArchive\Photo\Masters\2012\1210207\1210207_07.jpg</subfield>
    <subfield code="x">Absolute master path</subfield>
  </datafield>
  <datafield tag="856" ind1="7" ind2=" ">
    <subfield code="y">A4 at 144 dpi</subfield>
    <subfield code="8">07</subfield>
    <subfield code="2">MediaArchive</subfield>
    <subfield code="u">http://mediaarchive.cern.ch/MediaArchive/Photo/Public/2012/1210207/1210207_07/1210207_07-A4-at-144-dpi.jpg</subfield>
    <subfield code="x">jpgA4</subfield>
  </datafield>
  <datafield tag="856" ind1="7" ind2=" ">
    <subfield code="y">A5 at 72 dpi</subfield>
    <subfield code="8">07</subfield>
    <subfield code="2">MediaArchive</subfield>
    <subfield code="u">http://mediaarchive.cern.ch/MediaArchive/Photo/Public/2012/1210207/1210207_07/1210207_07-A5-at-72-dpi.jpg</subfield>
    <subfield code="x">jpgA5</subfield>
  </datafield>
  <datafield tag="856" ind1="7" ind2=" ">
    <subfield code="y">Icon</subfield>
    <subfield code="8">07</subfield>
    <subfield code="2">MediaArchive</subfield>
    <subfield code="u">http://mediaarchive.cern.ch/MediaArchive/Photo/Public/2012/1210207/1210207_07/1210207_07-Icon.jpg</subfield>
    <subfield code="x">jpgIcon</subfield>
  </datafield>
  <datafield tag="856" ind1="7" ind2=" ">
    <subfield code="8">17</subfield>
    <subfield code="2">MediaArchive</subfield>
    <subfield code="d">\\cern.ch\dfs\Services\MediaArchive\Photo\Masters\2012\1210207\1210207_17.jpg</subfield>
    <subfield code="x">Absolute master path</subfield>
  </datafield>
  <datafield tag="856" ind1="7" ind2=" ">
    <subfield code="y">A4 at 144 dpi</subfield>
    <subfield code="8">17</subfield>
    <subfield code="2">MediaArchive</subfield>
    <subfield code="u">http://mediaarchive.cern.ch/MediaArchive/Photo/Public/2012/1210207/1210207_17/1210207_17-A4-at-144-dpi.jpg</subfield>
    <subfield code="x">jpgA4</subfield>
  </datafield>
  <datafield tag="856" ind1="7" ind2=" ">
    <subfield code="y">A5 at 72 dpi</subfield>
    <subfield code="8">17</subfield>
    <subfield code="2">MediaArchive</subfield>
    <subfield code="u">http://mediaarchive.cern.ch/MediaArchive/Photo/Public/2012/1210207/1210207_17/1210207_17-A5-at-72-dpi.jpg</subfield>
    <subfield code="x">jpgA5</subfield>
  </datafield>
  <datafield tag="856" ind1="7" ind2=" ">
    <subfield code="y">Icon</subfield>
    <subfield code="8">17</subfield>
    <subfield code="2">MediaArchive</subfield>
    <subfield code="u">http://mediaarchive.cern.ch/MediaArchive/Photo/Public/2012/1210207/1210207_17/1210207_17-Icon.jpg</subfield>
    <subfield code="x">jpgIcon</subfield>
  </datafield>
  <datafield tag="856" ind1="7" ind2=" ">
    <subfield code="8">16</subfield>
    <subfield code="2">MediaArchive</subfield>
    <subfield code="d">\\cern.ch\dfs\Services\MediaArchive\Photo\Masters\2012\1210207\1210207_16.jpg</subfield>
    <subfield code="x">Absolute master path</subfield>
  </datafield>
  <datafield tag="856" ind1="7" ind2=" ">
    <subfield code="y">A4 at 144 dpi</subfield>
    <subfield code="8">16</subfield>
    <subfield code="2">MediaArchive</subfield>
    <subfield code="u">http://mediaarchive.cern.ch/MediaArchive/Photo/Public/2012/1210207/1210207_16/1210207_16-A4-at-144-dpi.jpg</subfield>
    <subfield code="x">jpgA4</subfield>
  </datafield>
  <datafield tag="856" ind1="7" ind2=" ">
    <subfield code="y">A5 at 72 dpi</subfield>
    <subfield code="8">16</subfield>
    <subfield code="2">MediaArchive</subfield>
    <subfield code="u">http://mediaarchive.cern.ch/MediaArchive/Photo/Public/2012/1210207/1210207_16/1210207_16-A5-at-72-dpi.jpg</subfield>
    <subfield code="x">jpgA5</subfield>
  </datafield>
  <datafield tag="856" ind1="7" ind2=" ">
    <subfield code="y">Icon</subfield>
    <subfield code="8">16</subfield>
    <subfield code="2">MediaArchive</subfield>
    <subfield code="u">http://mediaarchive.cern.ch/MediaArchive/Photo/Public/2012/1210207/1210207_16/1210207_16-Icon.jpg</subfield>
    <subfield code="x">jpgIcon</subfield>
  </datafield>
  <datafield tag="856" ind1="7" ind2=" ">
    <subfield code="8">18</subfield>
    <subfield code="2">MediaArchive</subfield>
    <subfield code="d">\\cern.ch\dfs\Services\MediaArchive\Photo\Masters\2012\1210207\1210207_18.jpg</subfield>
    <subfield code="x">Absolute master path</subfield>
  </datafield>
  <datafield tag="856" ind1="7" ind2=" ">
    <subfield code="y">A4 at 144 dpi</subfield>
    <subfield code="8">18</subfield>
    <subfield code="2">MediaArchive</subfield>
    <subfield code="u">http://mediaarchive.cern.ch/MediaArchive/Photo/Public/2012/1210207/1210207_18/1210207_18-A4-at-144-dpi.jpg</subfield>
    <subfield code="x">jpgA4</subfield>
  </datafield>
  <datafield tag="856" ind1="7" ind2=" ">
    <subfield code="y">A5 at 72 dpi</subfield>
    <subfield code="8">18</subfield>
    <subfield code="2">MediaArchive</subfield>
    <subfield code="u">http://mediaarchive.cern.ch/MediaArchive/Photo/Public/2012/1210207/1210207_18/1210207_18-A5-at-72-dpi.jpg</subfield>
    <subfield code="x">jpgA5</subfield>
  </datafield>
  <datafield tag="856" ind1="7" ind2=" ">
    <subfield code="y">Icon</subfield>
    <subfield code="8">18</subfield>
    <subfield code="2">MediaArchive</subfield>
    <subfield code="u">http://mediaarchive.cern.ch/MediaArchive/Photo/Public/2012/1210207/1210207_18/1210207_18-Icon.jpg</subfield>
    <subfield code="x">jpgIcon</subfield>
  </datafield>
  <datafield tag="856" ind1="7" ind2=" ">
    <subfield code="8">20</subfield>
    <subfield code="2">MediaArchive</subfield>
    <subfield code="d">\\cern.ch\dfs\Services\MediaArchive\Photo\Masters\2012\1210207\1210207_20.jpg</subfield>
    <subfield code="x">Absolute master path</subfield>
  </datafield>
  <datafield tag="856" ind1="7" ind2=" ">
    <subfield code="y">A4 at 144 dpi</subfield>
    <subfield code="8">20</subfield>
    <subfield code="2">MediaArchive</subfield>
    <subfield code="u">http://mediaarchive.cern.ch/MediaArchive/Photo/Public/2012/1210207/1210207_20/1210207_20-A4-at-144-dpi.jpg</subfield>
    <subfield code="x">jpgA4</subfield>
  </datafield>
  <datafield tag="856" ind1="7" ind2=" ">
    <subfield code="y">A5 at 72 dpi</subfield>
    <subfield code="8">20</subfield>
    <subfield code="2">MediaArchive</subfield>
    <subfield code="u">http://mediaarchive.cern.ch/MediaArchive/Photo/Public/2012/1210207/1210207_20/1210207_20-A5-at-72-dpi.jpg</subfield>
    <subfield code="x">jpgA5</subfield>
  </datafield>
  <datafield tag="856" ind1="7" ind2=" ">
    <subfield code="y">Icon</subfield>
    <subfield code="8">20</subfield>
    <subfield code="2">MediaArchive</subfield>
    <subfield code="u">http://mediaarchive.cern.ch/MediaArchive/Photo/Public/2012/1210207/1210207_20/1210207_20-Icon.jpg</subfield>
    <subfield code="x">jpgIcon</subfield>
  </datafield>
  <datafield tag="856" ind1="7" ind2=" ">
    <subfield code="8">23</subfield>
    <subfield code="2">MediaArchive</subfield>
    <subfield code="d">\\cern.ch\dfs\Services\MediaArchive\Photo\Masters\2012\1210207\1210207_23.jpg</subfield>
    <subfield code="x">Absolute master path</subfield>
  </datafield>
  <datafield tag="856" ind1="7" ind2=" ">
    <subfield code="y">A4 at 144 dpi</subfield>
    <subfield code="8">23</subfield>
    <subfield code="2">MediaArchive</subfield>
    <subfield code="u">http://mediaarchive.cern.ch/MediaArchive/Photo/Public/2012/1210207/1210207_23/1210207_23-A4-at-144-dpi.jpg</subfield>
    <subfield code="x">jpgA4</subfield>
  </datafield>
  <datafield tag="856" ind1="7" ind2=" ">
    <subfield code="y">A5 at 72 dpi</subfield>
    <subfield code="8">23</subfield>
    <subfield code="2">MediaArchive</subfield>
    <subfield code="u">http://mediaarchive.cern.ch/MediaArchive/Photo/Public/2012/1210207/1210207_23/1210207_23-A5-at-72-dpi.jpg</subfield>
    <subfield code="x">jpgA5</subfield>
  </datafield>
  <datafield tag="856" ind1="7" ind2=" ">
    <subfield code="y">Icon</subfield>
    <subfield code="8">23</subfield>
    <subfield code="2">MediaArchive</subfield>
    <subfield code="u">http://mediaarchive.cern.ch/MediaArchive/Photo/Public/2012/1210207/1210207_23/1210207_23-Icon.jpg</subfield>
    <subfield code="x">jpgIcon</subfield>
  </datafield>
  <datafield tag="856" ind1="7" ind2=" ">
    <subfield code="8">25</subfield>
    <subfield code="2">MediaArchive</subfield>
    <subfield code="d">\\cern.ch\dfs\Services\MediaArchive\Photo\Masters\2012\1210207\1210207_25.jpg</subfield>
    <subfield code="x">Absolute master path</subfield>
  </datafield>
  <datafield tag="856" ind1="7" ind2=" ">
    <subfield code="y">A4 at 144 dpi</subfield>
    <subfield code="8">25</subfield>
    <subfield code="2">MediaArchive</subfield>
    <subfield code="u">http://mediaarchive.cern.ch/MediaArchive/Photo/Public/2012/1210207/1210207_25/1210207_25-A4-at-144-dpi.jpg</subfield>
    <subfield code="x">jpgA4</subfield>
  </datafield>
  <datafield tag="856" ind1="7" ind2=" ">
    <subfield code="y">A5 at 72 dpi</subfield>
    <subfield code="8">25</subfield>
    <subfield code="2">MediaArchive</subfield>
    <subfield code="u">http://mediaarchive.cern.ch/MediaArchive/Photo/Public/2012/1210207/1210207_25/1210207_25-A5-at-72-dpi.jpg</subfield>
    <subfield code="x">jpgA5</subfield>
  </datafield>
  <datafield tag="856" ind1="7" ind2=" ">
    <subfield code="y">Icon</subfield>
    <subfield code="8">25</subfield>
    <subfield code="2">MediaArchive</subfield>
    <subfield code="u">http://mediaarchive.cern.ch/MediaArchive/Photo/Public/2012/1210207/1210207_25/1210207_25-Icon.jpg</subfield>
    <subfield code="x">jpgIcon</subfield>
  </datafield>
  <datafield tag="856" ind1="7" ind2=" ">
    <subfield code="8">24</subfield>
    <subfield code="2">MediaArchive</subfield>
    <subfield code="d">\\cern.ch\dfs\Services\MediaArchive\Photo\Masters\2012\1210207\1210207_24.jpg</subfield>
    <subfield code="x">Absolute master path</subfield>
  </datafield>
  <datafield tag="856" ind1="7" ind2=" ">
    <subfield code="y">A4 at 144 dpi</subfield>
    <subfield code="8">24</subfield>
    <subfield code="2">MediaArchive</subfield>
    <subfield code="u">http://mediaarchive.cern.ch/MediaArchive/Photo/Public/2012/1210207/1210207_24/1210207_24-A4-at-144-dpi.jpg</subfield>
    <subfield code="x">jpgA4</subfield>
  </datafield>
  <datafield tag="856" ind1="7" ind2=" ">
    <subfield code="y">A5 at 72 dpi</subfield>
    <subfield code="8">24</subfield>
    <subfield code="2">MediaArchive</subfield>
    <subfield code="u">http://mediaarchive.cern.ch/MediaArchive/Photo/Public/2012/1210207/1210207_24/1210207_24-A5-at-72-dpi.jpg</subfield>
    <subfield code="x">jpgA5</subfield>
  </datafield>
  <datafield tag="856" ind1="7" ind2=" ">
    <subfield code="y">Icon</subfield>
    <subfield code="8">24</subfield>
    <subfield code="2">MediaArchive</subfield>
    <subfield code="u">http://mediaarchive.cern.ch/MediaArchive/Photo/Public/2012/1210207/1210207_24/1210207_24-Icon.jpg</subfield>
    <subfield code="x">jpgIcon</subfield>
  </datafield>
  <datafield tag="856" ind1="7" ind2=" ">
    <subfield code="8">26</subfield>
    <subfield code="2">MediaArchive</subfield>
    <subfield code="d">\\cern.ch\dfs\Services\MediaArchive\Photo\Masters\2012\1210207\1210207_26.jpg</subfield>
    <subfield code="x">Absolute master path</subfield>
  </datafield>
  <datafield tag="856" ind1="7" ind2=" ">
    <subfield code="y">A4 at 144 dpi</subfield>
    <subfield code="8">26</subfield>
    <subfield code="2">MediaArchive</subfield>
    <subfield code="u">http://mediaarchive.cern.ch/MediaArchive/Photo/Public/2012/1210207/1210207_26/1210207_26-A4-at-144-dpi.jpg</subfield>
    <subfield code="x">jpgA4</subfield>
  </datafield>
  <datafield tag="856" ind1="7" ind2=" ">
    <subfield code="y">A5 at 72 dpi</subfield>
    <subfield code="8">26</subfield>
    <subfield code="2">MediaArchive</subfield>
    <subfield code="u">http://mediaarchive.cern.ch/MediaArchive/Photo/Public/2012/1210207/1210207_26/1210207_26-A5-at-72-dpi.jpg</subfield>
    <subfield code="x">jpgA5</subfield>
  </datafield>
  <datafield tag="856" ind1="7" ind2=" ">
    <subfield code="y">Icon</subfield>
    <subfield code="8">26</subfield>
    <subfield code="2">MediaArchive</subfield>
    <subfield code="u">http://mediaarchive.cern.ch/MediaArchive/Photo/Public/2012/1210207/1210207_26/1210207_26-Icon.jpg</subfield>
    <subfield code="x">jpgIcon</subfield>
  </datafield>
  <datafield tag="856" ind1="7" ind2=" ">
    <subfield code="8">27</subfield>
    <subfield code="2">MediaArchive</subfield>
    <subfield code="d">\\cern.ch\dfs\Services\MediaArchive\Photo\Masters\2012\1210207\1210207_27.jpg</subfield>
    <subfield code="x">Absolute master path</subfield>
  </datafield>
  <datafield tag="856" ind1="7" ind2=" ">
    <subfield code="y">A4 at 144 dpi</subfield>
    <subfield code="8">27</subfield>
    <subfield code="2">MediaArchive</subfield>
    <subfield code="u">http://mediaarchive.cern.ch/MediaArchive/Photo/Public/2012/1210207/1210207_27/1210207_27-A4-at-144-dpi.jpg</subfield>
    <subfield code="x">jpgA4</subfield>
  </datafield>
  <datafield tag="856" ind1="7" ind2=" ">
    <subfield code="y">A5 at 72 dpi</subfield>
    <subfield code="8">27</subfield>
    <subfield code="2">MediaArchive</subfield>
    <subfield code="u">http://mediaarchive.cern.ch/MediaArchive/Photo/Public/2012/1210207/1210207_27/1210207_27-A5-at-72-dpi.jpg</subfield>
    <subfield code="x">jpgA5</subfield>
  </datafield>
  <datafield tag="856" ind1="7" ind2=" ">
    <subfield code="y">Icon</subfield>
    <subfield code="8">27</subfield>
    <subfield code="2">MediaArchive</subfield>
    <subfield code="u">http://mediaarchive.cern.ch/MediaArchive/Photo/Public/2012/1210207/1210207_27/1210207_27-Icon.jpg</subfield>
    <subfield code="x">jpgIcon</subfield>
  </datafield>
  <datafield tag="856" ind1="7" ind2=" ">
    <subfield code="8">28</subfield>
    <subfield code="2">MediaArchive</subfield>
    <subfield code="d">\\cern.ch\dfs\Services\MediaArchive\Photo\Masters\2012\1210207\1210207_28.jpg</subfield>
    <subfield code="x">Absolute master path</subfield>
  </datafield>
  <datafield tag="856" ind1="7" ind2=" ">
    <subfield code="y">A4 at 144 dpi</subfield>
    <subfield code="8">28</subfield>
    <subfield code="2">MediaArchive</subfield>
    <subfield code="u">http://mediaarchive.cern.ch/MediaArchive/Photo/Public/2012/1210207/1210207_28/1210207_28-A4-at-144-dpi.jpg</subfield>
    <subfield code="x">jpgA4</subfield>
  </datafield>
  <datafield tag="856" ind1="7" ind2=" ">
    <subfield code="y">A5 at 72 dpi</subfield>
    <subfield code="8">28</subfield>
    <subfield code="2">MediaArchive</subfield>
    <subfield code="u">http://mediaarchive.cern.ch/MediaArchive/Photo/Public/2012/1210207/1210207_28/1210207_28-A5-at-72-dpi.jpg</subfield>
    <subfield code="x">jpgA5</subfield>
  </datafield>
  <datafield tag="856" ind1="7" ind2=" ">
    <subfield code="y">Icon</subfield>
    <subfield code="8">28</subfield>
    <subfield code="2">MediaArchive</subfield>
    <subfield code="u">http://mediaarchive.cern.ch/MediaArchive/Photo/Public/2012/1210207/1210207_28/1210207_28-Icon.jpg</subfield>
    <subfield code="x">jpgIcon</subfield>
  </datafield>
  <datafield tag="856" ind1="7" ind2=" ">
    <subfield code="8">29</subfield>
    <subfield code="2">MediaArchive</subfield>
    <subfield code="d">\\cern.ch\dfs\Services\MediaArchive\Photo\Masters\2012\1210207\1210207_29.jpg</subfield>
    <subfield code="x">Absolute master path</subfield>
  </datafield>
  <datafield tag="856" ind1="7" ind2=" ">
    <subfield code="y">A4 at 144 dpi</subfield>
    <subfield code="8">29</subfield>
    <subfield code="2">MediaArchive</subfield>
    <subfield code="u">http://mediaarchive.cern.ch/MediaArchive/Photo/Public/2012/1210207/1210207_29/1210207_29-A4-at-144-dpi.jpg</subfield>
    <subfield code="x">jpgA4</subfield>
  </datafield>
  <datafield tag="856" ind1="7" ind2=" ">
    <subfield code="y">A5 at 72 dpi</subfield>
    <subfield code="8">29</subfield>
    <subfield code="2">MediaArchive</subfield>
    <subfield code="u">http://mediaarchive.cern.ch/MediaArchive/Photo/Public/2012/1210207/1210207_29/1210207_29-A5-at-72-dpi.jpg</subfield>
    <subfield code="x">jpgA5</subfield>
  </datafield>
  <datafield tag="856" ind1="7" ind2=" ">
    <subfield code="y">Icon</subfield>
    <subfield code="8">29</subfield>
    <subfield code="2">MediaArchive</subfield>
    <subfield code="u">http://mediaarchive.cern.ch/MediaArchive/Photo/Public/2012/1210207/1210207_29/1210207_29-Icon.jpg</subfield>
    <subfield code="x">jpgIcon</subfield>
  </datafield>
  <datafield tag="856" ind1="7" ind2=" ">
    <subfield code="8">14</subfield>
    <subfield code="2">MediaArchive</subfield>
    <subfield code="d">\\cern.ch\dfs\Services\MediaArchive\Photo\Masters\2012\1210207\1210207_14.jpg</subfield>
    <subfield code="x">Absolute master path</subfield>
  </datafield>
  <datafield tag="856" ind1="7" ind2=" ">
    <subfield code="y">A4 at 144 dpi</subfield>
    <subfield code="8">14</subfield>
    <subfield code="2">MediaArchive</subfield>
    <subfield code="u">http://mediaarchive.cern.ch/MediaArchive/Photo/Public/2012/1210207/1210207_14/1210207_14-A4-at-144-dpi.jpg</subfield>
    <subfield code="x">jpgA4</subfield>
  </datafield>
  <datafield tag="856" ind1="7" ind2=" ">
    <subfield code="y">A5 at 72 dpi</subfield>
    <subfield code="8">14</subfield>
    <subfield code="2">MediaArchive</subfield>
    <subfield code="u">http://mediaarchive.cern.ch/MediaArchive/Photo/Public/2012/1210207/1210207_14/1210207_14-A5-at-72-dpi.jpg</subfield>
    <subfield code="x">jpgA5</subfield>
  </datafield>
  <datafield tag="856" ind1="7" ind2=" ">
    <subfield code="y">Icon</subfield>
    <subfield code="8">14</subfield>
    <subfield code="2">MediaArchive</subfield>
    <subfield code="u">http://mediaarchive.cern.ch/MediaArchive/Photo/Public/2012/1210207/1210207_14/1210207_14-Icon.jpg</subfield>
    <subfield code="x">jpgIcon</subfield>
  </datafield>
  <datafield tag="856" ind1="7" ind2=" ">
    <subfield code="8">22</subfield>
    <subfield code="2">MediaArchive</subfield>
    <subfield code="d">\\cern.ch\dfs\Services\MediaArchive\Photo\Masters\2012\1210207\1210207_22.jpg</subfield>
    <subfield code="x">Absolute master path</subfield>
  </datafield>
  <datafield tag="856" ind1="7" ind2=" ">
    <subfield code="y">A4 at 144 dpi</subfield>
    <subfield code="8">22</subfield>
    <subfield code="2">MediaArchive</subfield>
    <subfield code="u">http://mediaarchive.cern.ch/MediaArchive/Photo/Public/2012/1210207/1210207_22/1210207_22-A4-at-144-dpi.jpg</subfield>
    <subfield code="x">jpgA4</subfield>
  </datafield>
  <datafield tag="856" ind1="7" ind2=" ">
    <subfield code="y">A5 at 72 dpi</subfield>
    <subfield code="8">22</subfield>
    <subfield code="2">MediaArchive</subfield>
    <subfield code="u">http://mediaarchive.cern.ch/MediaArchive/Photo/Public/2012/1210207/1210207_22/1210207_22-A5-at-72-dpi.jpg</subfield>
    <subfield code="x">jpgA5</subfield>
  </datafield>
  <datafield tag="856" ind1="7" ind2=" ">
    <subfield code="y">Icon</subfield>
    <subfield code="8">22</subfield>
    <subfield code="2">MediaArchive</subfield>
    <subfield code="u">http://mediaarchive.cern.ch/MediaArchive/Photo/Public/2012/1210207/1210207_22/1210207_22-Icon.jpg</subfield>
    <subfield code="x">jpgIcon</subfield>
  </datafield>
  <datafield tag="856" ind1="7" ind2=" ">
    <subfield code="8">15</subfield>
    <subfield code="2">MediaArchive</subfield>
    <subfield code="d">\\cern.ch\dfs\Services\MediaArchive\Photo\Masters\2012\1210207\1210207_15.jpg</subfield>
    <subfield code="x">Absolute master path</subfield>
  </datafield>
  <datafield tag="856" ind1="7" ind2=" ">
    <subfield code="y">A4 at 144 dpi</subfield>
    <subfield code="8">15</subfield>
    <subfield code="2">MediaArchive</subfield>
    <subfield code="u">http://mediaarchive.cern.ch/MediaArchive/Photo/Public/2012/1210207/1210207_15/1210207_15-A4-at-144-dpi.jpg</subfield>
    <subfield code="x">jpgA4</subfield>
  </datafield>
  <datafield tag="856" ind1="7" ind2=" ">
    <subfield code="y">A5 at 72 dpi</subfield>
    <subfield code="8">15</subfield>
    <subfield code="2">MediaArchive</subfield>
    <subfield code="u">http://mediaarchive.cern.ch/MediaArchive/Photo/Public/2012/1210207/1210207_15/1210207_15-A5-at-72-dpi.jpg</subfield>
    <subfield code="x">jpgA5</subfield>
  </datafield>
  <datafield tag="856" ind1="7" ind2=" ">
    <subfield code="y">Icon</subfield>
    <subfield code="8">15</subfield>
    <subfield code="2">MediaArchive</subfield>
    <subfield code="u">http://mediaarchive.cern.ch/MediaArchive/Photo/Public/2012/1210207/1210207_15/1210207_15-Icon.jpg</subfield>
    <subfield code="x">jpgIcon</subfield>
  </datafield>
  <datafield tag="856" ind1="7" ind2=" ">
    <subfield code="8">19</subfield>
    <subfield code="2">MediaArchive</subfield>
    <subfield code="d">\\cern.ch\dfs\Services\MediaArchive\Photo\Masters\2012\1210207\1210207_19.jpg</subfield>
    <subfield code="x">Absolute master path</subfield>
  </datafield>
  <datafield tag="856" ind1="7" ind2=" ">
    <subfield code="y">A4 at 144 dpi</subfield>
    <subfield code="8">19</subfield>
    <subfield code="2">MediaArchive</subfield>
    <subfield code="u">http://mediaarchive.cern.ch/MediaArchive/Photo/Public/2012/1210207/1210207_19/1210207_19-A4-at-144-dpi.jpg</subfield>
    <subfield code="x">jpgA4</subfield>
  </datafield>
  <datafield tag="856" ind1="7" ind2=" ">
    <subfield code="y">A5 at 72 dpi</subfield>
    <subfield code="8">19</subfield>
    <subfield code="2">MediaArchive</subfield>
    <subfield code="u">http://mediaarchive.cern.ch/MediaArchive/Photo/Public/2012/1210207/1210207_19/1210207_19-A5-at-72-dpi.jpg</subfield>
    <subfield code="x">jpgA5</subfield>
  </datafield>
  <datafield tag="856" ind1="7" ind2=" ">
    <subfield code="y">Icon</subfield>
    <subfield code="8">19</subfield>
    <subfield code="2">MediaArchive</subfield>
    <subfield code="u">http://mediaarchive.cern.ch/MediaArchive/Photo/Public/2012/1210207/1210207_19/1210207_19-Icon.jpg</subfield>
    <subfield code="x">jpgIcon</subfield>
  </datafield>
  <datafield tag="856" ind1="7" ind2=" ">
    <subfield code="2">MediaArchive</subfield>
    <subfield code="8">21</subfield>
    <subfield code="d">\\cern.ch\dfs\Services\MediaArchive\Photo\Masters\2012\1210207\1210207_21.jpg</subfield>
    <subfield code="x">Absolute master path</subfield>
  </datafield>
  <datafield tag="856" ind1="7" ind2=" ">
    <subfield code="2">MediaArchive</subfield>
    <subfield code="8">21</subfield>
    <subfield code="u">http://mediaarchive.cern.ch/MediaArchive/Photo/Public/2012/1210207/1210207_21/1210207_21-A4-at-144-dpi.jpg</subfield>
    <subfield code="x">jpgA4</subfield>
    <subfield code="y">A4 at 144 dpi</subfield>
  </datafield>
  <datafield tag="856" ind1="7" ind2=" ">
    <subfield code="2">MediaArchive</subfield>
    <subfield code="8">21</subfield>
    <subfield code="u">http://mediaarchive.cern.ch/MediaArchive/Photo/Public/2012/1210207/1210207_21/1210207_21-A5-at-72-dpi.jpg</subfield>
    <subfield code="x">jpgA5</subfield>
    <subfield code="y">A5 at 72 dpi</subfield>
  </datafield>
  <datafield tag="856" ind1="7" ind2=" ">
    <subfield code="2">MediaArchive</subfield>
    <subfield code="8">21</subfield>
    <subfield code="u">http://mediaarchive.cern.ch/MediaArchive/Photo/Public/2012/1210207/1210207_21/1210207_21-Icon.jpg</subfield>
    <subfield code="x">jpgIcon</subfield>
    <subfield code="y">Icon</subfield>
  </datafield>
  <datafield tag="903" ind1=" " ind2=" ">
    <subfield code="s">public</subfield>
  </datafield>
  <datafield tag="923" ind1=" " ind2=" ">
    <subfield code="r">M. Nessi &lt;marzio.nessi@cern.ch></subfield>
  </datafield>
  <datafield tag="924" ind1=" " ind2=" ">
    <subfield code="b">01</subfield>
  </datafield>
</record>