
<record>
  <controlfield tag="005">20121126114844.0</controlfield>
  <datafield tag="024" ind1="8" ind2=" ">
    <subfield code="a">oai:cds.cern.ch:1489645</subfield>
    <subfield code="p">cerncds:THESES</subfield>
    <subfield code="p">cerncds:CERN</subfield>
  </datafield>
  <datafield tag="037" ind1=" " ind2=" ">
    <subfield code="a">CERN-THESIS-2012-151</subfield>
  </datafield>
  <datafield tag="041" ind1=" " ind2=" ">
    <subfield code="a">eng</subfield>
  </datafield>
  <datafield tag="088" ind1=" " ind2=" ">
    <subfield code="a">BONN-IR-2012-04</subfield>
  </datafield>
  <datafield tag="100" ind1=" " ind2=" ">
    <subfield code="a">Khoriauli, Gia</subfield>
    <subfield code="u">University of Bonn</subfield>
  </datafield>
  <datafield tag="700" ind1=" " ind2=" ">
    <subfield code="a">Cristinziani, Markus</subfield>
    <subfield code="u">University of Bonn</subfield>
    <subfield code="e">dir.</subfield>
  </datafield>
  <datafield tag="700" ind1=" " ind2=" ">
    <subfield code="a">Wermes, Norbert</subfield>
    <subfield code="u">University of Bonn</subfield>
    <subfield code="e">dir.</subfield>
  </datafield>
  <datafield tag="245" ind1=" " ind2=" ">
    <subfield code="a">Single-top production t-channel cross section measurement in the electron+jets final state at ATLAS with $35 pb^{−1}$ of data</subfield>
  </datafield>
  <datafield tag="300" ind1=" " ind2=" ">
    <subfield code="a">148 p</subfield>
  </datafield>
  <datafield tag="500" ind1=" " ind2=" ">
    <subfield code="a">Presented 26 Jun 2012</subfield>
  </datafield>
  <datafield tag="502" ind1=" " ind2=" ">
    <subfield code="a">PhD</subfield>
    <subfield code="b">Bonn, University of Bonn</subfield>
    <subfield code="c">2012-06-15</subfield>
  </datafield>
  <datafield tag="520" ind1=" " ind2=" ">
    <subfield code="a">The cross section of the Standard Model electroweak production of a single top quark in the t-channel has been measured using the LHC proton-proton collision data at $sqrt{s} = 7$ TeV, $35 pb^{−1}$ of integrated luminosity, recorded by the ATLAS detector during the year 2010. The measurement has been based on a selection of the collision events with an electron and one b-tagged hadronic jet in the central region of the detector and one extra jet in the forward region of the detector. These requirements are dictated by the topology of the final state particles in the t-channel process. They helped to optimize an expected fraction of the t-channel process, according to a study based on Monte-Carlo simulation, in the selected events and suppress the contribution of the background processes. The main background processes such as production of hadronic jets via the strong interaction and production of a single W boson with associated hadronic jets are measured by means of data driven methods developed in this work. The measured cross section of single top quark production in the t-channel process is $59 ^{ +44}_{ -39} (stat.)  ^{+63}_{-39} (syst.)$ pb. The measured upper limit on the cross section is $226: $pb at the $95 \%$ confidence level. The results are in agreement with the latest theoretical prediction of the t-channel cross section of the Standard Model production of a single top quark calculated at NNLO, $64.6 ^{ +3.3}_{ -2.6}$ pb, considering $m_{t-quark}=172.5$ GeV.</subfield>
  </datafield>
  <datafield tag="595" ind1=" " ind2=" ">
    <subfield code="a">CERN EDS</subfield>
  </datafield>
  <datafield tag="650" ind1="1" ind2="7">
    <subfield code="a">Particle Physics - Experiment</subfield>
    <subfield code="2">SzGeCERN</subfield>
  </datafield>
  <datafield tag="690" ind1="C" ind2=" ">
    <subfield code="a">CERN</subfield>
  </datafield>
  <datafield tag="690" ind1="C" ind2=" ">
    <subfield code="a">THESIS</subfield>
  </datafield>
  <datafield tag="693" ind1=" " ind2=" ">
    <subfield code="a">CERN LHC</subfield>
    <subfield code="e">ATLAS</subfield>
  </datafield>
  <datafield tag="710" ind1=" " ind2=" ">
    <subfield code="5">PH</subfield>
  </datafield>
  <datafield tag="856" ind1="4" ind2=" ">
    <subfield code="u">http://cdsweb.cern.ch/record/1489645/files/CERN-THESIS-2012-151.pdf</subfield>
    <subfield code="y">Fulltext</subfield>
  </datafield>
  <datafield tag="856" ind1="4" ind2=" ">
    <subfield code="u">http://cdsweb.cern.ch/record/1489645/files/CERN-THESIS-2012-151.pdf?subformat=pdfa</subfield>
    <subfield code="x">pdfa</subfield>
  </datafield>
  <datafield tag="859" ind1=" " ind2=" ">
    <subfield code="f">gia.khoriauli@cern.ch</subfield>
  </datafield>
  <datafield tag="909" ind1="C" ind2="O">
    <subfield code="o">oai:atlantis.cern.ch:1489645</subfield>
    <subfield code="p">cerncds:THESES</subfield>
    <subfield code="p">cerncds:CERN</subfield>
  </datafield>
  <datafield tag="916" ind1=" " ind2=" ">
    <subfield code="s">n</subfield>
    <subfield code="w">201243</subfield>
    <subfield code="y">a2012</subfield>
  </datafield>
  <datafield tag="960" ind1=" " ind2=" ">
    <subfield code="a">14</subfield>
  </datafield>
  <datafield tag="963" ind1=" " ind2=" ">
    <subfield code="a">PUBLIC</subfield>
  </datafield>
  <datafield tag="970" ind1=" " ind2=" ">
    <subfield code="a">000726949CER</subfield>
  </datafield>
  <datafield tag="980" ind1=" " ind2=" ">
    <subfield code="a">THESIS</subfield>
  </datafield>
</record>