
<record>
  <controlfield tag="003">SzGeCERN</controlfield>
  <datafield tag="693" ind1=" " ind2=" ">
    <subfield code="a">CERN PS</subfield>
    <subfield code="e">nTOF</subfield>
  </datafield>
  <datafield tag="690" ind1="C" ind2=" ">
    <subfield code="a">CERN</subfield>
  </datafield>
  <datafield tag="690" ind1="C" ind2=" ">
    <subfield code="a">ARTICLE</subfield>
  </datafield>
  <datafield tag="960" ind1=" " ind2=" ">
    <subfield code="a">13</subfield>
  </datafield>
  <datafield tag="773" ind1=" " ind2=" ">
    <subfield code="a">10.1103/PhysRevC.84.055802</subfield>
    <subfield code="c">055802</subfield>
    <subfield code="p">Phys. Rev. C</subfield>
    <subfield code="v">84</subfield>
    <subfield code="y">2011</subfield>
  </datafield>
  <datafield tag="856" ind1="4" ind2=" ">
    <subfield code="u">http://cdsweb.cern.ch/record/1446649/files/PhysRevC.84.055802.pdf</subfield>
    <subfield code="y">APS Published version, local copy</subfield>
  </datafield>
  <datafield tag="963" ind1=" " ind2=" ">
    <subfield code="a">PUBLIC</subfield>
  </datafield>
  <datafield tag="300" ind1=" " ind2=" ">
    <subfield code="a">8 p</subfield>
  </datafield>
  <datafield tag="980" ind1=" " ind2=" ">
    <subfield code="a">ARTICLE</subfield>
  </datafield>
  <datafield tag="700" ind1=" " ind2=" ">
    <subfield code="a">Milazzo, P M</subfield>
    <subfield code="u">INFN, Trieste</subfield>
  </datafield>
  <datafield tag="700" ind1=" " ind2=" ">
    <subfield code="a">Fujii, K</subfield>
    <subfield code="u">INFN, Trieste</subfield>
  </datafield>
  <datafield tag="700" ind1=" " ind2=" ">
    <subfield code="a">Abbondanno, U</subfield>
    <subfield code="u">INFN, Trieste</subfield>
  </datafield>
  <datafield tag="700" ind1=" " ind2=" ">
    <subfield code="a">Aerts, G</subfield>
    <subfield code="u">DAPNIA, Saclay</subfield>
  </datafield>
  <datafield tag="700" ind1=" " ind2=" ">
    <subfield code="a">Alvarez, H</subfield>
    <subfield code="u">Santiago de Compostela U.</subfield>
  </datafield>
  <datafield tag="700" ind1=" " ind2=" ">
    <subfield code="a">Alvarez-Velarde, F</subfield>
    <subfield code="u">Madrid, CIEMAT</subfield>
  </datafield>
  <datafield tag="700" ind1=" " ind2=" ">
    <subfield code="a">Andriamonje, S</subfield>
    <subfield code="u">DAPNIA, Saclay</subfield>
  </datafield>
  <datafield tag="700" ind1=" " ind2=" ">
    <subfield code="a">Andrzejewski, J</subfield>
    <subfield code="u">Lodz U.</subfield>
  </datafield>
  <datafield tag="700" ind1=" " ind2=" ">
    <subfield code="a">Audouin, L</subfield>
    <subfield code="u">Karlsruhe, Inst. Technol.</subfield>
  </datafield>
  <datafield tag="700" ind1=" " ind2=" ">
    <subfield code="a">Badurek, G</subfield>
    <subfield code="u">Vienna, Tech. U.</subfield>
  </datafield>
  <datafield tag="700" ind1=" " ind2=" ">
    <subfield code="a">Baumann, P</subfield>
    <subfield code="u">Strasbourg, IReS</subfield>
  </datafield>
  <datafield tag="700" ind1=" " ind2=" ">
    <subfield code="a">Becvar, F</subfield>
    <subfield code="u">Charles U.</subfield>
  </datafield>
  <datafield tag="700" ind1=" " ind2=" ">
    <subfield code="a">Belloni, F</subfield>
    <subfield code="u">INFN, Trieste</subfield>
  </datafield>
  <datafield tag="700" ind1=" " ind2=" ">
    <subfield code="a">Berthoumieux, E</subfield>
    <subfield code="u">DAPNIA, Saclay</subfield>
  </datafield>
  <datafield tag="700" ind1=" " ind2=" ">
    <subfield code="a">Calvino, F</subfield>
    <subfield code="u">Barcelona, Polytechnic U.</subfield>
  </datafield>
  <datafield tag="700" ind1=" " ind2=" ">
    <subfield code="a">Calviani, M</subfield>
    <subfield code="u">INFN, Legnaro</subfield>
  </datafield>
  <datafield tag="700" ind1=" " ind2=" ">
    <subfield code="a">Cano-Ott, D</subfield>
    <subfield code="u">Madrid, CIEMAT</subfield>
  </datafield>
  <datafield tag="700" ind1=" " ind2=" ">
    <subfield code="a">Capote, R</subfield>
    <subfield code="u">IAEA, Vienna</subfield>
    <subfield code="u">Seville U.</subfield>
  </datafield>
  <datafield tag="700" ind1=" " ind2=" ">
    <subfield code="a">Carrapico, C</subfield>
    <subfield code="u">Sao Paulo, Inst. Tech. Aeronautics</subfield>
    <subfield code="u">ITN, Lisbon</subfield>
  </datafield>
  <datafield tag="700" ind1=" " ind2=" ">
    <subfield code="a">Cennini, P</subfield>
    <subfield code="u">CERN</subfield>
  </datafield>
  <datafield tag="700" ind1=" " ind2=" ">
    <subfield code="a">Chepel, V</subfield>
    <subfield code="u">LIP, Coimbra</subfield>
  </datafield>
  <datafield tag="700" ind1=" " ind2=" ">
    <subfield code="a">Chiaveri, E</subfield>
    <subfield code="u">CERN</subfield>
  </datafield>
  <datafield tag="700" ind1=" " ind2=" ">
    <subfield code="a">Colonna, N</subfield>
    <subfield code="u">INFN, Bari</subfield>
  </datafield>
  <datafield tag="700" ind1=" " ind2=" ">
    <subfield code="a">Cortes, G</subfield>
    <subfield code="u">Barcelona, Polytechnic U.</subfield>
  </datafield>
  <datafield tag="700" ind1=" " ind2=" ">
    <subfield code="a">Couture, A</subfield>
    <subfield code="u">Notre Dame U.</subfield>
  </datafield>
  <datafield tag="700" ind1=" " ind2=" ">
    <subfield code="a">Dahlfors, M</subfield>
    <subfield code="u">CERN</subfield>
  </datafield>
  <datafield tag="700" ind1=" " ind2=" ">
    <subfield code="a">David, S</subfield>
    <subfield code="u">Strasbourg, IReS</subfield>
  </datafield>
  <datafield tag="700" ind1=" " ind2=" ">
    <subfield code="a">Dillmann, I</subfield>
    <subfield code="u">Karlsruhe, Inst. Technol.</subfield>
    <subfield code="u">Darmstadt, GSI</subfield>
  </datafield>
  <datafield tag="700" ind1=" " ind2=" ">
    <subfield code="a">Domingo-Pardo, C</subfield>
    <subfield code="u">Valencia U.</subfield>
    <subfield code="u">Darmstadt, GSI</subfield>
  </datafield>
  <datafield tag="700" ind1=" " ind2=" ">
    <subfield code="a">Dridi, W</subfield>
    <subfield code="u">DAPNIA, Saclay</subfield>
  </datafield>
  <datafield tag="700" ind1=" " ind2=" ">
    <subfield code="a">Duran, I</subfield>
    <subfield code="u">Santiago de Compostela U.</subfield>
  </datafield>
  <datafield tag="700" ind1=" " ind2=" ">
    <subfield code="a">Eleftheriadis, C</subfield>
    <subfield code="u">Aristotle U., Thessaloniki</subfield>
  </datafield>
  <datafield tag="700" ind1=" " ind2=" ">
    <subfield code="a">Embid-Segura, M</subfield>
    <subfield code="u">Madrid, CIEMAT</subfield>
  </datafield>
  <datafield tag="700" ind1=" " ind2=" ">
    <subfield code="a">Ferrari, A</subfield>
    <subfield code="u">CERN</subfield>
  </datafield>
  <datafield tag="700" ind1=" " ind2=" ">
    <subfield code="a">Ferreira-Marques, R</subfield>
    <subfield code="u">LIP, Coimbra</subfield>
  </datafield>
  <datafield tag="700" ind1=" " ind2=" ">
    <subfield code="a">Furman, W</subfield>
    <subfield code="u">Dubna, JINR</subfield>
  </datafield>
  <datafield tag="700" ind1=" " ind2=" ">
    <subfield code="a">Goncalves, I</subfield>
    <subfield code="u">Sao Paulo, Inst. Tech. Aeronautics</subfield>
    <subfield code="u">ITN, Lisbon</subfield>
  </datafield>
  <datafield tag="700" ind1=" " ind2=" ">
    <subfield code="a">Gonzalez-Romero, E</subfield>
    <subfield code="u">Madrid, CIEMAT</subfield>
  </datafield>
  <datafield tag="700" ind1=" " ind2=" ">
    <subfield code="a">Gramegna, F</subfield>
    <subfield code="u">INFN, Legnaro</subfield>
  </datafield>
  <datafield tag="700" ind1=" " ind2=" ">
    <subfield code="a">Guerrero, C</subfield>
    <subfield code="u">Madrid, CIEMAT</subfield>
  </datafield>
  <datafield tag="700" ind1=" " ind2=" ">
    <subfield code="a">Gunsing, F</subfield>
    <subfield code="u">DAPNIA, Saclay</subfield>
  </datafield>
  <datafield tag="700" ind1=" " ind2=" ">
    <subfield code="a">Haas, B</subfield>
    <subfield code="u">CENBG, Gradignan</subfield>
  </datafield>
  <datafield tag="700" ind1=" " ind2=" ">
    <subfield code="a">Haight, R</subfield>
    <subfield code="u">Los Alamos</subfield>
  </datafield>
  <datafield tag="700" ind1=" " ind2=" ">
    <subfield code="a">Heil, M</subfield>
    <subfield code="u">Karlsruhe, Inst. Technol.</subfield>
    <subfield code="u">Darmstadt, GSI</subfield>
  </datafield>
  <datafield tag="700" ind1=" " ind2=" ">
    <subfield code="a">Herrera-Martinez, A</subfield>
    <subfield code="u">CERN</subfield>
  </datafield>
  <datafield tag="700" ind1=" " ind2=" ">
    <subfield code="a">Jericha, E</subfield>
    <subfield code="u">Vienna, Tech. U.</subfield>
  </datafield>
  <datafield tag="700" ind1=" " ind2=" ">
    <subfield code="a">Kappeler, F</subfield>
    <subfield code="u">Karlsruhe, Inst. Technol.</subfield>
  </datafield>
  <datafield tag="700" ind1=" " ind2=" ">
    <subfield code="a">Kadi, Y</subfield>
    <subfield code="u">CERN</subfield>
  </datafield>
  <datafield tag="700" ind1=" " ind2=" ">
    <subfield code="a">Karadimos, D</subfield>
    <subfield code="u">Ioannina U.</subfield>
  </datafield>
  <datafield tag="700" ind1=" " ind2=" ">
    <subfield code="a">Karamanis, D</subfield>
    <subfield code="u">Ioannina U.</subfield>
  </datafield>
  <datafield tag="700" ind1=" " ind2=" ">
    <subfield code="a">Kerveno, M</subfield>
    <subfield code="u">Strasbourg, IReS</subfield>
  </datafield>
  <datafield tag="700" ind1=" " ind2=" ">
    <subfield code="a">Kossionides, E</subfield>
    <subfield code="u">Democritos Nucl. Res. Ctr.</subfield>
  </datafield>
  <datafield tag="700" ind1=" " ind2=" ">
    <subfield code="a">Krticka, M</subfield>
    <subfield code="u">Charles U.</subfield>
  </datafield>
  <datafield tag="700" ind1=" " ind2=" ">
    <subfield code="a">Lamboudis, C</subfield>
    <subfield code="u">Aristotle U., Thessaloniki</subfield>
  </datafield>
  <datafield tag="700" ind1=" " ind2=" ">
    <subfield code="a">Leeb, H</subfield>
    <subfield code="u">Vienna, Tech. U.</subfield>
  </datafield>
  <datafield tag="700" ind1=" " ind2=" ">
    <subfield code="a">Lindote, A</subfield>
    <subfield code="u">LIP, Coimbra</subfield>
  </datafield>
  <datafield tag="700" ind1=" " ind2=" ">
    <subfield code="a">Lopes, I</subfield>
    <subfield code="u">LIP, Coimbra</subfield>
  </datafield>
  <datafield tag="700" ind1=" " ind2=" ">
    <subfield code="a">Lukic, S</subfield>
    <subfield code="u">Strasbourg, IReS</subfield>
  </datafield>
  <datafield tag="700" ind1=" " ind2=" ">
    <subfield code="a">Marganiec, J</subfield>
    <subfield code="u">Lodz U.</subfield>
    <subfield code="u">Darmstadt, GSI</subfield>
  </datafield>
  <datafield tag="700" ind1=" " ind2=" ">
    <subfield code="a">Marrone, S</subfield>
    <subfield code="u">INFN, Bari</subfield>
  </datafield>
  <datafield tag="700" ind1=" " ind2=" ">
    <subfield code="a">Martinez, T</subfield>
    <subfield code="u">Madrid, CIEMAT</subfield>
  </datafield>
  <datafield tag="700" ind1=" " ind2=" ">
    <subfield code="a">Massimi, C</subfield>
    <subfield code="u">Bologna U.</subfield>
    <subfield code="u">INFN, Bologna</subfield>
  </datafield>
  <datafield tag="700" ind1=" " ind2=" ">
    <subfield code="a">Mastinu, P</subfield>
    <subfield code="u">INFN, Legnaro</subfield>
  </datafield>
  <datafield tag="700" ind1=" " ind2=" ">
    <subfield code="a">Mengoni, A</subfield>
    <subfield code="u">IAEA, Vienna</subfield>
  </datafield>
  <datafield tag="700" ind1=" " ind2=" ">
    <subfield code="a">Moreau, C</subfield>
    <subfield code="u">INFN, Trieste</subfield>
  </datafield>
  <datafield tag="700" ind1=" " ind2=" ">
    <subfield code="a">Mosconi, M</subfield>
    <subfield code="u">Karlsruhe, Inst. Technol.</subfield>
    <subfield code="u">Braunschweig, Phys. Tech. Bund.</subfield>
  </datafield>
  <datafield tag="700" ind1=" " ind2=" ">
    <subfield code="a">Neves, F</subfield>
    <subfield code="u">LIP, Coimbra</subfield>
  </datafield>
  <datafield tag="700" ind1=" " ind2=" ">
    <subfield code="a">Oberhummer, H</subfield>
    <subfield code="u">Vienna, Tech. U.</subfield>
  </datafield>
  <datafield tag="700" ind1=" " ind2=" ">
    <subfield code="a">O'Brien, S</subfield>
    <subfield code="u">Notre Dame U.</subfield>
  </datafield>
  <datafield tag="700" ind1=" " ind2=" ">
    <subfield code="a">Pancin, J</subfield>
    <subfield code="u">DAPNIA, Saclay</subfield>
  </datafield>
  <datafield tag="700" ind1=" " ind2=" ">
    <subfield code="a">Papachristodoulou, C</subfield>
    <subfield code="u">Ioannina U.</subfield>
  </datafield>
  <datafield tag="700" ind1=" " ind2=" ">
    <subfield code="a">Papadopoulos, C</subfield>
    <subfield code="u">Natl. Tech. U., Athens</subfield>
  </datafield>
  <datafield tag="700" ind1=" " ind2=" ">
    <subfield code="a">Paradela, C</subfield>
    <subfield code="u">Santiago de Compostela U.</subfield>
  </datafield>
  <datafield tag="700" ind1=" " ind2=" ">
    <subfield code="a">Patronis, N</subfield>
    <subfield code="u">Ioannina U.</subfield>
  </datafield>
  <datafield tag="700" ind1=" " ind2=" ">
    <subfield code="a">Pavlik, A</subfield>
    <subfield code="u">Vienna U.</subfield>
  </datafield>
  <datafield tag="700" ind1=" " ind2=" ">
    <subfield code="a">Pavlopoulos, P</subfield>
    <subfield code="u">Leonardo de Vinci Pole U., Paris</subfield>
  </datafield>
  <datafield tag="700" ind1=" " ind2=" ">
    <subfield code="a">Perrot, L</subfield>
    <subfield code="u">DAPNIA, Saclay</subfield>
  </datafield>
  <datafield tag="700" ind1=" " ind2=" ">
    <subfield code="a">Pigni, M T</subfield>
    <subfield code="u">Vienna, Tech. U.</subfield>
  </datafield>
  <datafield tag="700" ind1=" " ind2=" ">
    <subfield code="a">Plag, R</subfield>
    <subfield code="u">Karlsruhe, Inst. Technol.</subfield>
    <subfield code="u">Darmstadt, GSI</subfield>
  </datafield>
  <datafield tag="700" ind1=" " ind2=" ">
    <subfield code="a">Plompen, A</subfield>
    <subfield code="u">Euratom, Geel</subfield>
  </datafield>
  <datafield tag="700" ind1=" " ind2=" ">
    <subfield code="a">Plukis, A</subfield>
    <subfield code="u">DAPNIA, Saclay</subfield>
  </datafield>
  <datafield tag="700" ind1=" " ind2=" ">
    <subfield code="a">Poch, A</subfield>
    <subfield code="u">Barcelona, Polytechnic U.</subfield>
  </datafield>
  <datafield tag="700" ind1=" " ind2=" ">
    <subfield code="a">Praena, J</subfield>
    <subfield code="u">INFN, Legnaro</subfield>
  </datafield>
  <datafield tag="700" ind1=" " ind2=" ">
    <subfield code="a">Pretel, C</subfield>
    <subfield code="u">Barcelona, Polytechnic U.</subfield>
  </datafield>
  <datafield tag="700" ind1=" " ind2=" ">
    <subfield code="a">Quesada, J</subfield>
    <subfield code="u">Seville U.</subfield>
  </datafield>
  <datafield tag="700" ind1=" " ind2=" ">
    <subfield code="a">Reifarth, R</subfield>
    <subfield code="u">Los Alamos</subfield>
    <subfield code="u">Darmstadt, GSI</subfield>
  </datafield>
  <datafield tag="700" ind1=" " ind2=" ">
    <subfield code="a">Rosetti, M</subfield>
    <subfield code="u">ENEA, Bologna</subfield>
  </datafield>
  <datafield tag="700" ind1=" " ind2=" ">
    <subfield code="a">Rubbia, C</subfield>
    <subfield code="u">Pavia U.</subfield>
  </datafield>
  <datafield tag="700" ind1=" " ind2=" ">
    <subfield code="a">Rudolf, G</subfield>
    <subfield code="u">Strasbourg, IReS</subfield>
  </datafield>
  <datafield tag="700" ind1=" " ind2=" ">
    <subfield code="a">Rullhusen, P</subfield>
    <subfield code="u">Euratom, Geel</subfield>
  </datafield>
  <datafield tag="700" ind1=" " ind2=" ">
    <subfield code="a">Salgado, J</subfield>
    <subfield code="u">Sao Paulo, Inst. Tech. Aeronautics</subfield>
    <subfield code="u">ITN, Lisbon</subfield>
  </datafield>
  <datafield tag="700" ind1=" " ind2=" ">
    <subfield code="a">Santos, C</subfield>
    <subfield code="u">Sao Paulo, Inst. Tech. Aeronautics</subfield>
    <subfield code="u">ITN, Lisbon</subfield>
  </datafield>
  <datafield tag="700" ind1=" " ind2=" ">
    <subfield code="a">Sarchiapone, L</subfield>
    <subfield code="u">CERN</subfield>
  </datafield>
  <datafield tag="700" ind1=" " ind2=" ">
    <subfield code="a">Savvidis, I</subfield>
    <subfield code="u">Aristotle U., Thessaloniki</subfield>
  </datafield>
  <datafield tag="700" ind1=" " ind2=" ">
    <subfield code="a">Stephan, C</subfield>
    <subfield code="u">Orsay, IPN</subfield>
  </datafield>
  <datafield tag="700" ind1=" " ind2=" ">
    <subfield code="a">Tain, J L</subfield>
    <subfield code="u">Valencia U.</subfield>
  </datafield>
  <datafield tag="700" ind1=" " ind2=" ">
    <subfield code="a">Tassan-Got, L</subfield>
    <subfield code="u">Orsay, IPN</subfield>
  </datafield>
  <datafield tag="700" ind1=" " ind2=" ">
    <subfield code="a">Tavora, L</subfield>
    <subfield code="u">Sao Paulo, Inst. Tech. Aeronautics</subfield>
    <subfield code="u">ITN, Lisbon</subfield>
  </datafield>
  <datafield tag="700" ind1=" " ind2=" ">
    <subfield code="a">Terlizzi, R</subfield>
    <subfield code="u">INFN, Bari</subfield>
  </datafield>
  <datafield tag="700" ind1=" " ind2=" ">
    <subfield code="a">Vannini, G</subfield>
    <subfield code="u">Bologna U.</subfield>
    <subfield code="u">INFN, Bologna</subfield>
  </datafield>
  <datafield tag="700" ind1=" " ind2=" ">
    <subfield code="a">Vaz, P</subfield>
    <subfield code="u">Sao Paulo, Inst. Tech. Aeronautics</subfield>
    <subfield code="u">ITN, Lisbon</subfield>
  </datafield>
  <datafield tag="700" ind1=" " ind2=" ">
    <subfield code="a">Ventura, A</subfield>
    <subfield code="u">ENEA, Bologna</subfield>
  </datafield>
  <datafield tag="700" ind1=" " ind2=" ">
    <subfield code="a">Villamarin, D</subfield>
    <subfield code="u">Madrid, CIEMAT</subfield>
  </datafield>
  <datafield tag="700" ind1=" " ind2=" ">
    <subfield code="a">Vincente, M C</subfield>
    <subfield code="u">Madrid, CIEMAT</subfield>
  </datafield>
  <datafield tag="700" ind1=" " ind2=" ">
    <subfield code="a">Vlachoudis, V</subfield>
    <subfield code="u">CERN</subfield>
  </datafield>
  <datafield tag="700" ind1=" " ind2=" ">
    <subfield code="a">Vlastou, R</subfield>
    <subfield code="u">Natl. Tech. U., Athens</subfield>
  </datafield>
  <datafield tag="700" ind1=" " ind2=" ">
    <subfield code="a">Voss, F</subfield>
    <subfield code="u">Karlsruhe, Inst. Technol.</subfield>
  </datafield>
  <datafield tag="700" ind1=" " ind2=" ">
    <subfield code="a">Walter, S</subfield>
    <subfield code="u">Karlsruhe, Inst. Technol.</subfield>
  </datafield>
  <datafield tag="700" ind1=" " ind2=" ">
    <subfield code="a">Wiescher, M</subfield>
    <subfield code="u">Notre Dame U.</subfield>
  </datafield>
  <datafield tag="700" ind1=" " ind2=" ">
    <subfield code="a">Wisshak, K</subfield>
    <subfield code="u">Karlsruhe, Inst. Technol.</subfield>
  </datafield>
  <datafield tag="710" ind1=" " ind2=" ">
    <subfield code="g">n_TOF Collaboration</subfield>
  </datafield>
  <datafield tag="260" ind1=" " ind2=" ">
    <subfield code="c">2011</subfield>
  </datafield>
  <datafield tag="650" ind1="1" ind2="7">
    <subfield code="2">SzGeCERN</subfield>
    <subfield code="a">Nuclear Physics - Experiment</subfield>
  </datafield>
  <datafield tag="100" ind1=" " ind2=" ">
    <subfield code="a">Tagliente, G</subfield>
    <subfield code="u">INFN, Bari</subfield>
  </datafield>
  <datafield tag="916" ind1=" " ind2=" ">
    <subfield code="s">n</subfield>
    <subfield code="w">201219</subfield>
    <subfield code="y">a2011</subfield>
  </datafield>
  <datafield tag="245" ind1=" " ind2=" ">
    <subfield code="a">Zr-96 (n, gamma) measurement at the n_TOF facility at CERN</subfield>
  </datafield>
  <datafield tag="269" ind1=" " ind2=" ">
    <subfield code="c">Nov 2011</subfield>
  </datafield>
  <datafield tag="035" ind1=" " ind2=" ">
    <subfield code="9">Inspire</subfield>
    <subfield code="a">1079265</subfield>
  </datafield>
</record>