
<record>
  <datafield tag="037" ind1=" " ind2=" ">
    <subfield code="a">BUL-EV-2012-047</subfield>
  </datafield>
  <datafield tag="041" ind1=" " ind2=" ">
    <subfield code="a">en</subfield>
  </datafield>
  <datafield tag="041" ind1=" " ind2=" ">
    <subfield code="a">fr</subfield>
  </datafield>
  <datafield tag="100" ind1=" " ind2=" ">
    <subfield code="a"></subfield>
  </datafield>
  <datafield tag="245" ind1=" " ind2=" ">
    <subfield code="a">Séminaire de physique corpusculaire - 7 November</subfield>
  </datafield>
  <datafield tag="260" ind1=" " ind2=" ">
    <subfield code="c">2012</subfield>
  </datafield>
  <datafield tag="269" ind1=" " ind2=" ">
    <subfield code="c">25/10/2012</subfield>
  </datafield>
  <datafield tag="520" ind1=" " ind2=" ">
    <subfield code="b">&lt;!--HTML-->&lt;!--HTML--> &lt;p> &lt;strong>Jet substructure as a tool to reconstruct the decay of heavy boosted objects&lt;/strong>&lt;br /> &lt;em>by &lt;/em>&lt;em>Dr Mario CAMPANELLI, &lt;/em>University College London&lt;/p> &lt;p style="text-align: center;"> &lt;strong>Wednesday 7 November 2012 at 11:15&lt;/strong>&lt;br /> Science III, Auditoire 1S081&lt;br /> 30, quai Ernest-Ansermet, 1211 Gen&amp;egrave;ve 4&lt;/p> &lt;p style="text-align: justify;"> &lt;strong>Abstract:&lt;/strong> The LHC is the first collider where particles with mass at the electroweak scale can be produced with momenta much higher than their mass. The decay products of these particles are very boosted, and Hadronic decays would be reconstructed as a single &amp;quot;fat&amp;quot; jet. In the last few years there has been a great wealth of studies in the field of hadronic jet substructure to reconstruct these final states. In this seminar I will review the main phenomenological ideas, as well as the first experimental results using jet substructure as a tool to explore new and old physics.&lt;/p> &lt;p style="text-align: justify;"> More information &lt;a href="http://dpnc.unige.ch/seminaire/annonce.html" target="_blank">here&lt;/a>.&lt;/p></subfield>
  </datafield>
  <datafield tag="594" ind1=" " ind2=" ">
    <subfield code="a">NO</subfield>
  </datafield>
  <datafield tag="595" ind1=" " ind2=" ">
    <subfield code="a">CERN Bulletin</subfield>
  </datafield>
  <datafield tag="595" ind1=" " ind2=" ">
    <subfield code="a">noicon</subfield>
  </datafield>
  <datafield tag="691" ind1=" " ind2=" ">
    <subfield code="a">ONLINE</subfield>
  </datafield>
  <datafield tag="773" ind1=" " ind2=" ">
    <subfield code="c">2</subfield>
    <subfield code="n">44/2012</subfield>
    <subfield code="t">CERN Bulletin</subfield>
  </datafield>
  <datafield tag="773" ind1=" " ind2=" ">
    <subfield code="c">2</subfield>
    <subfield code="n">43/2012</subfield>
    <subfield code="t">CERN Bulletin</subfield>
  </datafield>
  <datafield tag="859" ind1=" " ind2=" ">
    <subfield code="a"></subfield>
    <subfield code="f">student.journalist@cern.ch</subfield>
  </datafield>
  <datafield tag="980" ind1=" " ind2=" ">
    <subfield code="a">BULLETINEVENTS</subfield>
  </datafield>
</record>