
<record>
  <datafield tag="037" ind1=" " ind2=" ">
    <subfield code="a">CERN-BULL-2012-43-44</subfield>
  </datafield>
  <datafield tag="245" ind1=" " ind2=" ">
    <subfield code="a">CERN Bulletin Issue No. 43-44/2012</subfield>
  </datafield>
  <datafield tag="246" ind1=" " ind2=" ">
    <subfield code="a">43-44/2012</subfield>
  </datafield>
  <datafield tag="041" ind1=" " ind2=" ">
    <subfield code="a">eng</subfield>
  </datafield>
  <datafield tag="041" ind1=" " ind2=" ">
    <subfield code="a">fr</subfield>
  </datafield>
  <datafield tag="916" ind1=" " ind2=" ">
    <subfield code="z">43-44</subfield>
  </datafield>
  <datafield tag="925" ind1=" " ind2=" ">
    <subfield code="a">43</subfield>
  </datafield>
  <datafield tag="925" ind1=" " ind2=" ">
    <subfield code="b">44</subfield>
  </datafield>
  <datafield tag="260" ind1=" " ind2=" ">
    <subfield code="c">2012</subfield>
  </datafield>
  <datafield tag="520" ind1=" " ind2=" ">
    <subfield code="b">&lt;p>Link to &lt;a href="http://bulletin.cern.ch/2012/43">e-Bulletin Issue No. 43-44/2012&lt;/a>&lt;/p>&lt;p>Link to &lt;a href="http://cds.cern.ch/search?cc=Weekly+Bulletin&amp;p=773__n:43/2012">all articles in this issue No.&lt;/a>&lt;/p></subfield>
  </datafield>
  <datafield tag="856" ind1="4" ind2=" ">
    <subfield code="u">http://cdsweb.cern.ch/record/1489668/files/2012-43-44-E-web.pdf</subfield>
    <subfield code="y">English</subfield>
  </datafield>
  <datafield tag="856" ind1="4" ind2=" ">
    <subfield code="u">http://cdsweb.cern.ch/record/1489668/files/2012-43-44-F-web.pdf</subfield>
    <subfield code="y">Francais</subfield>
  </datafield>
  <datafield tag="856" ind1="0" ind2=" ">
    <subfield code="f">student.journalist@cern.ch</subfield>
  </datafield>
  <datafield tag="980" ind1=" " ind2=" ">
    <subfield code="a">CERN_BULLETIN_ISSUE</subfield>
  </datafield>
</record>