
<record>
  <controlfield tag="003">SzGeCERN</controlfield>
  <controlfield tag="005">20080306154352.0</controlfield>
  <datafield tag="595" ind1=" " ind2=" ">
    <subfield code="a">1.05.01</subfield>
  </datafield>
  <datafield tag="980" ind1=" " ind2=" ">
    <subfield code="a">ARC010501</subfield>
  </datafield>
  <datafield tag="490" ind1=" " ind2=" ">
    <subfield code="a">CERN-ARCH-ANNUAL-REPORTS</subfield>
    <subfield code="v">Collection: CERN Annual Reports</subfield>
  </datafield>
  <datafield tag="856" ind1="4" ind2=" ">
    <subfield code="u">http://library.web.cern.ch/library/Archives/isad/isaannualreport.html</subfield>
    <subfield code="y">Higher level description</subfield>
  </datafield>
  <datafield tag="856" ind1="4" ind2=" ">
    <subfield code="u">http://library.cern.ch/cern_publications/annual_report.html</subfield>
    <subfield code="y">Access to the Fulltexts</subfield>
  </datafield>
  <datafield tag="852" ind1=" " ind2=" ">
    <subfield code="a">CERN Archives. Bldg. 61-S-001</subfield>
    <subfield code="c">B0521-B0549</subfield>
  </datafield>
  <datafield tag="970" ind1=" " ind2=" ">
    <subfield code="a">000045812ARC</subfield>
  </datafield>
  <datafield tag="340" ind1=" " ind2=" ">
    <subfield code="a">Paper</subfield>
  </datafield>
  <datafield tag="506" ind1=" " ind2=" ">
    <subfield code="a">Restricted</subfield>
  </datafield>
  <datafield tag="916" ind1=" " ind2=" ">
    <subfield code="w">200212</subfield>
  </datafield>
  <datafield tag="500" ind1=" " ind2=" ">
    <subfield code="a">&lt;P>Since 1955 to 1984= Vol.1 Annual reports (including lists of publications and reports of activities in the divisions) - English and French version&lt;BR>Since 1985 to 1990= Vol.1 Annual reports, Vol.2 Reports of activities in the divisions, Vol.3 Lists of publications - English and French version.&lt;BR>Since 1991 to 2003= Vol.1 Annual reports, Vol.2 Reports of activities in the divisions (only in English version), Vol.3 Lists of publications&lt;BR>Since 2004= Vol.1 - French and English version&lt;/P></subfield>
  </datafield>
  <datafield tag="500" ind1=" " ind2=" ">
    <subfield code="a">&lt;P>Depuis 1955 à 1984= Rapports annuels (incluant les listes de publications et les rapports des activités dans les divisions) - Version anglaise et française&lt;BR>Depuis 1985 à 1990= Vol.1 Rapports Annuels, Vol.2 rapports des activités dans les divisions,Vol.3 Listes des Publications - Version anglaise et française.&lt;BR>Depuis 1991 à 2003= Vol.1 Rapports Annuels, Vol.3 Listes des publications (Volume 2 existe seulement en anglais)&lt;BR>Depuis 2004= Vol.1 en version anglaise et française.&lt;/P></subfield>
  </datafield>
  <datafield tag="088" ind1=" " ind2=" ">
    <subfield code="a">CERN Rapports Annuels</subfield>
  </datafield>
  <datafield tag="300" ind1=" " ind2=" ">
    <subfield code="a">3 lm</subfield>
  </datafield>
  <datafield tag="710" ind1=" " ind2=" ">
    <subfield code="a">CERN. Geneva. Publications</subfield>
  </datafield>
  <datafield tag="245" ind1=" " ind2=" ">
    <subfield code="a">CERN Wide publications</subfield>
    <subfield code="b">Annual reports - Rapports Annuels, from 1955 to Present</subfield>
  </datafield>
  <datafield tag="041" ind1=" " ind2=" ">
    <subfield code="a">eng</subfield>
  </datafield>
  <datafield tag="041" ind1=" " ind2=" ">
    <subfield code="a">fre</subfield>
  </datafield>
  <datafield tag="960" ind1=" " ind2=" ">
    <subfield code="a">01</subfield>
  </datafield>
  <datafield tag="961" ind1=" " ind2=" ">
    <subfield code="c">20090526</subfield>
    <subfield code="h">1637</subfield>
    <subfield code="l">ARC01</subfield>
    <subfield code="x">20020322</subfield>
  </datafield>
  <datafield tag="963" ind1=" " ind2=" ">
    <subfield code="a">PUBLIC</subfield>
  </datafield>
  <datafield tag="929" ind1=" " ind2=" ">
    <subfield code="a">Permanent</subfield>
  </datafield>
  <datafield tag="925" ind1=" " ind2=" ">
    <subfield code="a">1955-01-01</subfield>
    <subfield code="b">Present</subfield>
  </datafield>
  <datafield tag="927" ind1=" " ind2=" ">
    <subfield code="a">CERN Annual Reports</subfield>
  </datafield>
</record>