
<record>
  <controlfield tag="003">SzGeCERN</controlfield>
  <datafield tag="245" ind1=" " ind2=" ">
    <subfield code="a">Loss management in the beta-beam decay ring</subfield>
  </datafield>
  <datafield tag="856" ind1="4" ind2=" ">
    <subfield code="u">http://cdsweb.cern.ch/record/1356560/files/document.doc</subfield>
  </datafield>
  <datafield tag="856" ind1="4" ind2=" ">
    <subfield code="u">http://cdsweb.cern.ch/record/1356560/files/document.odt</subfield>
  </datafield>
  <datafield tag="856" ind1="4" ind2=" ">
    <subfield code="u">http://cdsweb.cern.ch/record/1356560/files/document.txt</subfield>
  </datafield>
  <datafield tag="960" ind1=" " ind2=" ">
    <subfield code="a">12</subfield>
  </datafield>
  <datafield tag="700" ind1=" " ind2=" ">
    <subfield code="a">Payet, J</subfield>
    <subfield code="u">DSM, DAPNIA, Saclay</subfield>
  </datafield>
  <datafield tag="536" ind1=" " ind2=" ">
    <subfield code="a">FP6</subfield>
    <subfield code="c">515768</subfield>
    <subfield code="f">EURISOL DS</subfield>
    <subfield code="r">openAccess</subfield>
  </datafield>
  <datafield tag="260" ind1=" " ind2=" ">
    <subfield code="c">08/02/07</subfield>
  </datafield>
  <datafield tag="520" ind1=" " ind2=" ">
    <subfield code="a">Loss management in the beta-beam decay ring</subfield>
  </datafield>
  <datafield tag="500" ind1=" " ind2=" ">
    <subfield code="a">Abstract only</subfield>
  </datafield>
  <datafield tag="650" ind1="1" ind2="7">
    <subfield code="2">EURISOL</subfield>
    <subfield code="a">12: TASK 12</subfield>
    <subfield code="e">Task</subfield>
  </datafield>
  <datafield tag="100" ind1=" " ind2=" ">
    <subfield code="a">Chancé, A</subfield>
    <subfield code="u">DSM, DAPNIA, Saclay</subfield>
  </datafield>
  <datafield tag="037" ind1=" " ind2=" ">
    <subfield code="a">EURISOL-12-22-2007-0027</subfield>
  </datafield>
  <datafield tag="041" ind1=" " ind2=" ">
    <subfield code="a">eng</subfield>
  </datafield>
</record>