
<record>
  <datafield tag="037" ind1=" " ind2=" ">
    <subfield code="a">ATLAS-PLOT-LUM-2012-002</subfield>
  </datafield>
  <datafield tag="041" ind1=" " ind2=" ">
    <subfield code="a">eng</subfield>
  </datafield>
  <datafield tag="100" ind1=" " ind2=" ">
    <subfield code="a">Carquin, Edson</subfield>
    <subfield code="u">Universidad Técnica Federico Santa María</subfield>
  </datafield>
  <datafield tag="245" ind1=" " ind2=" ">
    <subfield code="a">Heavy Ion 2010 data ZDC performance plots</subfield>
  </datafield>
  <datafield tag="260" ind1=" " ind2=" ">
    <subfield code="c">2012</subfield>
  </datafield>
  <datafield tag="269" ind1=" " ind2=" ">
    <subfield code="b">CERN</subfield>
    <subfield code="a">Geneva</subfield>
    <subfield code="c">20 Jul 2012</subfield>
  </datafield>
  <datafield tag="300" ind1=" " ind2=" ">
    <subfield code="a">mult. p</subfield>
  </datafield>
  <datafield tag="506" ind1=" " ind2=" ">
    <subfield code="a">ATLAS Commenting</subfield>
    <subfield code="d">cds-atlas-plot-lum-2012-002</subfield>
    <subfield code="m">edson.carquin.lopez@cern.ch</subfield>
    <subfield code="m">marco.leite@cern.ch</subfield>
  </datafield>
  <datafield tag="520" ind1=" " ind2=" ">
    <subfield code="a">&lt;!--HTML-->&lt;p style=" margin-top:0px; margin-bottom:0px; margin-left:0px; margin-right:0px; -qt-block-indent:0; text-indent:0px; -qt-user-state:0;"> &lt;style type="text/css"> p, li { white-space: pre-wrap;&lt;/style> This note contains figures ilustrating the performance of the ZDC detectors during the 2010 Heavy Ion run. In particular about their correlation for the OR trigger selection of the sides A and C in order to see that two classes of events with single and mutual neutron emission can be observed (selected) and for the coincidence of the two sides plus a veto on MBTS\_1\_1 in order to show that in this case the amount of events with ZDC coincidences with large energy is reduced and that mutual EMD (ElectroMagnetic Dissociation) events with the emission of at least one neutron emission by both nuclei can be selected. Plots are shown for the low and high gain data.&lt;/p></subfield>
  </datafield>
  <datafield tag="595" ind1=" " ind2=" ">
    <subfield code="a">CERN EDS</subfield>
  </datafield>
  <datafield tag="650" ind1="1" ind2="7">
    <subfield code="a">Detectors and Experimental Techniques</subfield>
    <subfield code="2">SzGeCERN</subfield>
  </datafield>
  <datafield tag="650" ind1="2" ind2="7">
    <subfield code="2">ATLAS</subfield>
    <subfield code="a">Luminosity and Forward Detectors</subfield>
  </datafield>
  <datafield tag="653" ind1="1" ind2=" ">
    <subfield code="9">CERN</subfield>
    <subfield code="a">HEAVY IONS</subfield>
  </datafield>
  <datafield tag="690" ind1="C" ind2=" ">
    <subfield code="a">CERN</subfield>
  </datafield>
  <datafield tag="690" ind1="C" ind2=" ">
    <subfield code="a">PLOT</subfield>
  </datafield>
  <datafield tag="690" ind1="C" ind2=" ">
    <subfield code="a">PRIVATLASPLOT</subfield>
  </datafield>
  <datafield tag="690" ind1="C" ind2=" ">
    <subfield code="a">ATLASPLOTLUM</subfield>
  </datafield>
  <datafield tag="693" ind1=" " ind2=" ">
    <subfield code="a">CERN LHC</subfield>
    <subfield code="e">ATLAS</subfield>
  </datafield>
  <datafield tag="710" ind1=" " ind2=" ">
    <subfield code="5">PH-EP</subfield>
  </datafield>
  <datafield tag="710" ind1=" " ind2=" ">
    <subfield code="g">ATLAS Collaboration</subfield>
  </datafield>
  <datafield tag="856" ind1="4" ind2=" ">
    <subfield code="u">http://cdsweb.cern.ch/record/1463060/files/FullText.pdf</subfield>
    <subfield code="y">FullText.pdf</subfield>
  </datafield>
  <datafield tag="856" ind1="4" ind2=" ">
    <subfield code="u">http://cdsweb.cern.ch/record/1463060/files/FullText.gif?subformat=icon</subfield>
    <subfield code="x">icon</subfield>
    <subfield code="y">FullText.pdf</subfield>
  </datafield>
  <datafield tag="859" ind1=" " ind2=" ">
    <subfield code="f">edson.carquin.lopez@cern.ch</subfield>
  </datafield>
  <datafield tag="916" ind1=" " ind2=" ">
    <subfield code="s">n</subfield>
    <subfield code="w">201229</subfield>
  </datafield>
  <datafield tag="960" ind1=" " ind2=" ">
    <subfield code="a">12</subfield>
  </datafield>
  <datafield tag="963" ind1=" " ind2=" ">
    <subfield code="a">PUBLIC</subfield>
  </datafield>
  <datafield tag="980" ind1=" " ind2=" ">
    <subfield code="a">PRIVATLASPLOT</subfield>
  </datafield>
</record>