
<record>
  <controlfield tag="005">20121126114703.0</controlfield>
  <datafield tag="024" ind1="8" ind2=" ">
    <subfield code="a">oai:cds.cern.ch:1483543</subfield>
    <subfield code="p">cerncds:CERN</subfield>
  </datafield>
  <datafield tag="037" ind1=" " ind2=" ">
    <subfield code="a">CERN-PH-EP-2012-307</subfield>
  </datafield>
  <datafield tag="041" ind1=" " ind2=" ">
    <subfield code="a">eng</subfield>
  </datafield>
  <datafield tag="088" ind1=" " ind2=" ">
    <subfield code="9">CERN-PH-EP-DRAFT-ALICE-2012-026</subfield>
  </datafield>
  <datafield tag="110" ind1=" " ind2=" ">
    <subfield code="a">The ALICE collaboration</subfield>
  </datafield>
  <datafield tag="245" ind1=" " ind2=" ">
    <subfield code="a">Pseudorapidity distribution of charged particles in pPb collisions at sqrt(s) = 5.02 TeV</subfield>
  </datafield>
  <datafield tag="260" ind1=" " ind2=" ">
    <subfield code="c">2012</subfield>
  </datafield>
  <datafield tag="269" ind1=" " ind2=" ">
    <subfield code="b">CERN</subfield>
    <subfield code="a">Geneva</subfield>
    <subfield code="c">08 Oct 2012</subfield>
  </datafield>
  <datafield tag="506" ind1=" " ind2=" ">
    <subfield code="d">cds-edboard-alice@cern.ch</subfield>
  </datafield>
  <datafield tag="506" ind1=" " ind2=" ">
    <subfield code="m">alice-member [CERN]</subfield>
  </datafield>
  <datafield tag="506" ind1=" " ind2=" ">
    <subfield code="m">cds-ph-ep-publications-referee [CERN]</subfield>
  </datafield>
  <datafield tag="506" ind1="1" ind2=" ">
  </datafield>
  <datafield tag="520" ind1=" " ind2=" ">
    <subfield code="a">The first measurement of the charged-particle pseudorapidity density in non-single diffractive \pPb\ collisions at a centre-of-mass energy per nucleon pair \snn = 5.02 TeV is presented. The average value of the charged-particle pseudorapidity density at mid-rapidity is measured to be 17.44 $\pm$ 0.52 \syst, which corresponds to 2.18 $\pm$ 0.17~\syst\ per participating nucleons. This is a factor 1.25 lower than in \pp\ collisions at the same collision energy, and a factor 2 higher than in \dAu\ collisions at \snn=0.2~TeV. The measured pseudorapidity density in \pPb\ is compared to the model predictions.</subfield>
  </datafield>
  <datafield tag="540" ind1=" " ind2=" ">
    <subfield code="a">CC-BY-3.0</subfield>
    <subfield code="b">CERN</subfield>
    <subfield code="u">http://creativecommons.org/licenses/by/3.0/</subfield>
  </datafield>
  <datafield tag="542" ind1=" " ind2=" ">
    <subfield code="d">CERN</subfield>
    <subfield code="g">2012</subfield>
  </datafield>
  <datafield tag="562" ind1=" " ind2=" ">
    <subfield code="c">Public comments</subfield>
  </datafield>
  <datafield tag="595" ind1=" " ind2=" ">
    <subfield code="a">CERN EDS</subfield>
  </datafield>
  <datafield tag="650" ind1="1" ind2="7">
    <subfield code="2">SzGeCERN</subfield>
    <subfield code="a">Particle Physics - Experiment</subfield>
  </datafield>
  <datafield tag="653" ind1="1" ind2=" ">
    <subfield code="a">QCD</subfield>
    <subfield code="9">CERN</subfield>
  </datafield>
  <datafield tag="653" ind1="1" ind2=" ">
    <subfield code="a">high energy nuclear collisions</subfield>
    <subfield code="9">CERN</subfield>
  </datafield>
  <datafield tag="653" ind1="1" ind2=" ">
    <subfield code="a">experimental results</subfield>
    <subfield code="9">CERN</subfield>
  </datafield>
  <datafield tag="690" ind1="C" ind2=" ">
    <subfield code="a">CERN</subfield>
  </datafield>
  <datafield tag="690" ind1="C" ind2=" ">
    <subfield code="a">PREPRINT</subfield>
  </datafield>
  <datafield tag="693" ind1=" " ind2=" ">
    <subfield code="a">CERN LHC</subfield>
    <subfield code="e">ALICE</subfield>
  </datafield>
  <datafield tag="710" ind1=" " ind2=" ">
    <subfield code="5">PH</subfield>
  </datafield>
  <datafield tag="710" ind1=" " ind2=" ">
    <subfield code="g">ALICE</subfield>
  </datafield>
  <datafield tag="856" ind1="4" ind2=" ">
    <subfield code="u">http://cdsweb.cern.ch/record/1483543/files/CERN-PH-EP-2012-307.pdf</subfield>
  </datafield>
  <datafield tag="856" ind1="4" ind2=" ">
    <subfield code="u">http://cdsweb.cern.ch/record/1483543/files/CERN-PH-EP-DRAFT-ALICE-2012-026 - draft.pdf</subfield>
    <subfield code="y">Draft (restricted)</subfield>
    <subfield code="z">Stamped by WebSubmit: 11/10/2012</subfield>
  </datafield>
  <datafield tag="856" ind1="4" ind2=" ">
    <subfield code="u">http://cdsweb.cern.ch/record/1483543/files/CERN-PH-EP-DRAFT-ALICE-2012-026 - draft.pdf?subformat=pdfa</subfield>
    <subfield code="x">pdfa</subfield>
    <subfield code="y">Draft (restricted)</subfield>
    <subfield code="z">Stamped by WebSubmit: 11/10/2012</subfield>
  </datafield>
  <datafield tag="859" ind1=" " ind2=" ">
    <subfield code="f">barbara.erazmus@cern.ch</subfield>
  </datafield>
  <datafield tag="903" ind1="1" ind2=" ">
    <subfield code="a">Approval requested for number CERN-PH-EP-2012-307</subfield>
    <subfield code="b">CERN-PH-EP-2012-307</subfield>
    <subfield code="c">EPPHAPP</subfield>
    <subfield code="d">2012-10-08 10:13:03</subfield>
    <subfield code="e">2012-10-15 10:13:03</subfield>
    <subfield code="f">barbara.erazmus@cern.ch</subfield>
    <subfield code="s">waiting</subfield>
  </datafield>
  <datafield tag="903" ind1="1" ind2=" ">
    <subfield code="a">Document approved</subfield>
    <subfield code="b">CERN-PH-EP-2012-307</subfield>
    <subfield code="c">EPPHAPP</subfield>
    <subfield code="d">2012-10-11 11:41:30</subfield>
    <subfield code="f">philippe.bloch@cern.ch</subfield>
    <subfield code="s">approved</subfield>
  </datafield>
  <datafield tag="909" ind1="C" ind2="O">
    <subfield code="o">oai:atlantis.cern.ch:1483543</subfield>
    <subfield code="p">cerncds:CERN</subfield>
  </datafield>
  <datafield tag="916" ind1=" " ind2=" ">
    <subfield code="s">n</subfield>
    <subfield code="w">201241</subfield>
  </datafield>
  <datafield tag="960" ind1=" " ind2=" ">
    <subfield code="a">11</subfield>
  </datafield>
  <datafield tag="980" ind1=" " ind2=" ">
    <subfield code="a">ALICE_Papers</subfield>
  </datafield>
  <datafield tag="980" ind1=" " ind2=" ">
    <subfield code="a">PREPRINT</subfield>
  </datafield>
</record>