
<record>
  <datafield tag="245" ind1=" " ind2=" ">
    <subfield code="a">Distribution of all CERN users by Nation of Institute on 3 September 2012</subfield>
  </datafield>
  <datafield tag="903" ind1=" " ind2=" ">
    <subfield code="s">public</subfield>
  </datafield>
  <datafield tag="856" ind1="7" ind2=" ">
    <subfield code="2">MediaArchive</subfield>
    <subfield code="8">01</subfield>
    <subfield code="d">\\cern.ch\dfs\Services\MediaArchive\Photo\Masters\2012\1210208\1210208_01.jpg</subfield>
    <subfield code="x">Absolute master path</subfield>
  </datafield>
  <datafield tag="856" ind1="7" ind2=" ">
    <subfield code="2">MediaArchive</subfield>
    <subfield code="8">01</subfield>
    <subfield code="u">http://mediaarchive.cern.ch/MediaArchive/Photo/Public/2012/1210208/1210208_01/1210208_01-A4-at-144-dpi.jpg</subfield>
    <subfield code="x">jpgA4</subfield>
    <subfield code="y">A4 at 144 dpi</subfield>
  </datafield>
  <datafield tag="856" ind1="7" ind2=" ">
    <subfield code="2">MediaArchive</subfield>
    <subfield code="8">01</subfield>
    <subfield code="u">http://mediaarchive.cern.ch/MediaArchive/Photo/Public/2012/1210208/1210208_01/1210208_01-A5-at-72-dpi.jpg</subfield>
    <subfield code="x">jpgA5</subfield>
    <subfield code="y">A5 at 72 dpi</subfield>
  </datafield>
  <datafield tag="856" ind1="7" ind2=" ">
    <subfield code="2">MediaArchive</subfield>
    <subfield code="8">01</subfield>
    <subfield code="u">http://mediaarchive.cern.ch/MediaArchive/Photo/Public/2012/1210208/1210208_01/1210208_01-Icon.jpg</subfield>
    <subfield code="x">jpgIcon</subfield>
    <subfield code="y">Icon</subfield>
  </datafield>
  <datafield tag="963" ind1=" " ind2=" ">
    <subfield code="a">PUBLIC</subfield>
  </datafield>
  <datafield tag="980" ind1=" " ind2=" ">
    <subfield code="a">PHOTOLAB</subfield>
  </datafield>
  <datafield tag="859" ind1=" " ind2=" ">
    <subfield code="f">christiane.montarbaud@cern.ch</subfield>
  </datafield>
  <datafield tag="542" ind1=" " ind2=" ">
    <subfield code="d">CERN</subfield>
    <subfield code="g">2012</subfield>
  </datafield>
  <datafield tag="595" ind1=" " ind2=" ">
    <subfield code="a">CERN EDS</subfield>
  </datafield>
  <datafield tag="595" ind1=" " ind2=" ">
    <subfield code="a">Press</subfield>
    <subfield code="s">Press Photos</subfield>
  </datafield>
  <datafield tag="595" ind1=" " ind2=" ">
    <subfield code="a">Press</subfield>
    <subfield code="s">CERN organization</subfield>
  </datafield>
  <datafield tag="260" ind1=" " ind2=" ">
    <subfield code="c">2012</subfield>
  </datafield>
  <datafield tag="340" ind1=" " ind2=" ">
    <subfield code="a">DIGITAL</subfield>
  </datafield>
  <datafield tag="653" ind1="1" ind2=" ">
    <subfield code="9">CERN</subfield>
    <subfield code="a">organization</subfield>
  </datafield>
  <datafield tag="653" ind1="1" ind2=" ">
    <subfield code="9">CERN</subfield>
    <subfield code="a">users</subfield>
  </datafield>
  <datafield tag="653" ind1="1" ind2=" ">
    <subfield code="9">CERN</subfield>
    <subfield code="a">institutes</subfield>
  </datafield>
  <datafield tag="650" ind1="1" ind2="7">
    <subfield code="2">SzGeCERN</subfield>
    <subfield code="a">Diagrams and Charts</subfield>
  </datafield>
  <datafield tag="960" ind1=" " ind2=" ">
    <subfield code="a">81</subfield>
  </datafield>
  <datafield tag="269" ind1=" " ind2=" ">
    <subfield code="c">03 Oct 2012</subfield>
  </datafield>
  <datafield tag="923" ind1=" " ind2=" ">
    <subfield code="r">Press Office &lt;Press.office@cern.ch></subfield>
  </datafield>
  <datafield tag="924" ind1=" " ind2=" ">
    <subfield code="b">01</subfield>
  </datafield>
  <datafield tag="037" ind1=" " ind2=" ">
    <subfield code="a">CERN-DI-1210208</subfield>
  </datafield>
  <datafield tag="041" ind1=" " ind2=" ">
    <subfield code="a">eng</subfield>
  </datafield>
  <datafield tag="246" ind1=" " ind2="1">
    <subfield code="a">Répartition des utilisateurs du CERN par instituts au 3 septembre 2012</subfield>
  </datafield>
</record>