
<record>
  <controlfield tag="003">SzGeCERN</controlfield>
  <controlfield tag="005">20130514103052.0</controlfield>
  <datafield tag="024" ind1="7" ind2=" ">
    <subfield code="2">DOI</subfield>
    <subfield code="a">10.1007/JHEP04(2013)126</subfield>
  </datafield>
  <datafield tag="035" ind1=" " ind2=" ">
    <subfield code="a">oai:arXiv.org:1303.2323</subfield>
    <subfield code="u">http://export.arxiv.org/oai2</subfield>
    <subfield code="d">2013-05-13</subfield>
    <subfield code="h">2013-05-14T06:10:48Z</subfield>
    <subfield code="m">arXiv</subfield>
    <subfield code="t">false</subfield>
    <subfield code="9">arXiv</subfield>
  </datafield>
  <datafield tag="037" ind1=" " ind2=" ">
    <subfield code="a">arXiv:1303.2323</subfield>
  </datafield>
  <datafield tag="041" ind1=" " ind2=" ">
    <subfield code="a">eng</subfield>
  </datafield>
  <datafield tag="088" ind1=" " ind2=" ">
    <subfield code="a">LMU-ASC 12-13</subfield>
  </datafield>
  <datafield tag="088" ind1=" " ind2=" ">
    <subfield code="a">CERN-PH-TH-2013-70</subfield>
  </datafield>
  <datafield tag="084" ind1=" " ind2=" ">
    <subfield code="a">TH-2013-70</subfield>
    <subfield code="2">CERN Library</subfield>
  </datafield>
  <datafield tag="710" ind1=" " ind2=" ">
    <subfield code="5">PH-TH</subfield>
  </datafield>
  <datafield tag="773" ind1=" " ind2=" ">
    <subfield code="p">J. High Energy Phys.</subfield>
    <subfield code="v">04</subfield>
    <subfield code="y">2013</subfield>
    <subfield code="c">126</subfield>
    <subfield code="o">JHEP 1304:126,2013</subfield>
  </datafield>
  <datafield tag="595" ind1=" " ind2=" ">
    <subfield code="a">OA</subfield>
  </datafield>
  <datafield tag="595" ind1=" " ind2=" ">
    <subfield code="a">CERN-TH</subfield>
  </datafield>
  <datafield tag="100" ind1=" " ind2=" ">
    <subfield code="a">Jurco, Branislav</subfield>
  </datafield>
  <datafield tag="700" ind1=" " ind2=" ">
    <subfield code="a">Muenster, Korbinian</subfield>
  </datafield>
  <datafield tag="856" ind1="4" ind2=" ">
    <subfield code="u">http://arxiv.org/pdf/1303.2323.pdf</subfield>
    <subfield code="y">Preprint</subfield>
  </datafield>
  <datafield tag="856" ind1="4" ind2=" ">
    <subfield code="u">http://cdsdev.cern.ch/record/1497909/files/arXiv%3A1303.2323.pdf</subfield>
  </datafield>
  <datafield tag="916" ind1=" " ind2=" ">
    <subfield code="s">n</subfield>
    <subfield code="w">201319</subfield>
  </datafield>
  <datafield tag="245" ind1=" " ind2=" ">
    <subfield code="a">Type II Superstring Field Theory: Geometric Approach and Operadic Description</subfield>
  </datafield>
  <datafield tag="269" ind1=" " ind2=" ">
    <subfield code="c">10 Mar 2013</subfield>
  </datafield>
  <datafield tag="300" ind1=" " ind2=" ">
    <subfield code="a">37 p</subfield>
  </datafield>
  <datafield tag="520" ind1=" " ind2=" ">
    <subfield code="a">We outline the construction of type II superstring field theory leading to a geometric and algebraic BV master equation, analogous to Zwiebach's construction for the bosonic string. The construction uses the small Hilbert space. Elementary vertices of the non-polynomial action are described with the help of a properly formulated minimal area problem. They give rise to an infinite tower of superstring field products defining a $\mathcal{N}=1$ generalization of a loop homotopy Lie algebra, the genus zero part generalizing a homotopy Lie algebra. Finally, we give an operadic interpretation of the construction.</subfield>
  </datafield>
  <datafield tag="500" ind1=" " ind2=" ">
    <subfield code="a">Comments: 37 pages, 1 figure, corrected typos and added references</subfield>
  </datafield>
  <datafield tag="595" ind1=" " ind2=" ">
    <subfield code="a">LANL EDS</subfield>
  </datafield>
  <datafield tag="650" ind1="1" ind2="7">
    <subfield code="a">Particle Physics - Theory</subfield>
    <subfield code="2">arXiv</subfield>
  </datafield>
  <datafield tag="650" ind1="2" ind2="7">
    <subfield code="a">Mathematical Physics and Mathematics</subfield>
    <subfield code="2">arXiv</subfield>
  </datafield>
  <datafield tag="650" ind1="2" ind2="7">
    <subfield code="b">Mathematical Physics and Mathematics</subfield>
    <subfield code="2">arXiv</subfield>
  </datafield>
  <datafield tag="695" ind1=" " ind2=" ">
    <subfield code="a">hep-th</subfield>
    <subfield code="9">LANL EDS</subfield>
  </datafield>
  <datafield tag="695" ind1=" " ind2=" ">
    <subfield code="a">math-ph</subfield>
    <subfield code="9">LANL EDS</subfield>
  </datafield>
  <datafield tag="695" ind1=" " ind2=" ">
    <subfield code="a">math.MP</subfield>
    <subfield code="9">LANL EDS</subfield>
  </datafield>
  <datafield tag="260" ind1=" " ind2=" ">
    <subfield code="c">2013</subfield>
  </datafield>
  <datafield tag="690" ind1="C" ind2=" ">
    <subfield code="a">ARTICLE</subfield>
  </datafield>
  <datafield tag="690" ind1="C" ind2=" ">
    <subfield code="a">CERN</subfield>
  </datafield>
  <datafield tag="980" ind1=" " ind2=" ">
    <subfield code="a">Article</subfield>
  </datafield>
  <datafield tag="980" ind1=" " ind2=" ">
    <subfield code="a">CERN</subfield>
  </datafield>
  <datafield tag="960" ind1=" " ind2=" ">
    <subfield code="a">13</subfield>
  </datafield>
  <datafield tag="999" ind1="C" ind2="5">
    <subfield code="o">[1]</subfield>
    <subfield code="h">E. Witten</subfield>
    <subfield code="m">"Interacting field theory of open superstrings," Nucl. Phys. B, Volume 276, Issue 2</subfield>
  </datafield>
  <datafield tag="999" ind1="C" ind2="5">
    <subfield code="o">[2]</subfield>
    <subfield code="h">E. Witten</subfield>
    <subfield code="m">"Non-commutative geometry and string field theory," Nucl. Phys. B, Volume 268, Issue 2</subfield>
  </datafield>
  <datafield tag="999" ind1="C" ind2="5">
    <subfield code="o">[3]</subfield>
    <subfield code="h">C. Wendt</subfield>
    <subfield code="m">"Scattering amplitudes and contact interactions in Witten’s superstring field theory," Nucl. Phys. B, Volume 314, Issue 1</subfield>
  </datafield>
  <datafield tag="999" ind1="C" ind2="5">
    <subfield code="o">[4]</subfield>
    <subfield code="h">C.R. Preitschopf, C.B. Thorn, S. Yost</subfield>
    <subfield code="m">"Superstring field theory," Nucl. Phys. B, Volume 337, Issue 2</subfield>
  </datafield>
  <datafield tag="999" ind1="C" ind2="5">
    <subfield code="o">[5]</subfield>
    <subfield code="h">I.Ya</subfield>
    <subfield code="m">Aref’eva, P.B. Medvedev, A.P. Zubarev "New representation for string field solves the consistency problem for open superstring field theory," Nucl. Phys. B, Volume 341, Issue 2</subfield>
  </datafield>
  <datafield tag="999" ind1="C" ind2="5">
    <subfield code="o">[6]</subfield>
    <subfield code="h">M. Kroyter</subfield>
    <subfield code="m">"Superstring field theory equivalence Ramond sector," J. High Energy Phys., Volume 2009, Issue 10</subfield>
  </datafield>
  <datafield tag="999" ind1="C" ind2="5">
    <subfield code="o">[7]</subfield>
    <subfield code="h">N. Berkovits</subfield>
    <subfield code="m">"Super-Poincare Invariant Superstring Field Theory,"</subfield>
    <subfield code="r">hep-th/9503099</subfield>
  </datafield>
  <datafield tag="999" ind1="C" ind2="5">
    <subfield code="o">[8]</subfield>
    <subfield code="h">N. Berkovits</subfield>
    <subfield code="m">"Constrained BV description of string field theory," J. High Energy Phys., Volume 2012, Issue 3</subfield>
  </datafield>
  <datafield tag="999" ind1="C" ind2="5">
    <subfield code="o">[9]</subfield>
    <subfield code="h">M. Kroyter, Y. Okawa, M. Schnabl, S. Torii, B. Zwiebach</subfield>
    <subfield code="m">"Open superstring field theory I gauge fixing, ghost structure, and propagator," J. High Energy Phys., Volume 2012, Issue 3</subfield>
  </datafield>
  <datafield tag="999" ind1="C" ind2="5">
    <subfield code="o">[10]</subfield>
    <subfield code="h">M. Kroyter</subfield>
    <subfield code="m">"Superstring field theory in the democratic picture," Adv. Theor. Math. Phys., Volume 15, Number 3</subfield>
  </datafield>
  <datafield tag="999" ind1="C" ind2="5">
    <subfield code="o">[11]</subfield>
    <subfield code="h">B. Zwiebach</subfield>
    <subfield code="m">"Closed string field theory Quantum action and the Batalin-Vilkovisky master equation," Nucl. Phys. B, Volume 390, Issue 1</subfield>
  </datafield>
  <datafield tag="999" ind1="C" ind2="5">
    <subfield code="o">[12]</subfield>
    <subfield code="h">C.J. Yeh</subfield>
    <subfield code="m">"Topics in Superstring Theory," Dissertation Abstracts International, Volume 55-07, Section B</subfield>
  </datafield>
  <datafield tag="999" ind1="C" ind2="5">
    <subfield code="o">[13]</subfield>
    <subfield code="h">A. Belopolsky</subfield>
    <subfield code="m">"New Geometrical Approach to Superstrings,"</subfield>
    <subfield code="r">hep-th/9703183</subfield>
  </datafield>
  <datafield tag="999" ind1="C" ind2="5">
    <subfield code="o">[14]</subfield>
    <subfield code="h">L. Alvarez-Gaumé, P. Nelson, C. Gomez, G. Sierra, C. Vafa</subfield>
    <subfield code="m">"Fermionic strings in the operator formalism," Nucl. Phys. B, Volume 311, Issue 2</subfield>
  </datafield>
  <datafield tag="999" ind1="C" ind2="5">
    <subfield code="o">[15]</subfield>
    <subfield code="h">T. Voronov</subfield>
    <subfield code="m">"Geometric Integration Theory on Supermanifolds," Soviet Scientific Reviews Section C - Mathematical Physics Reviews</subfield>
  </datafield>
  <datafield tag="999" ind1="C" ind2="5">
    <subfield code="o">[16]</subfield>
    <subfield code="h">A. Belopolsky</subfield>
    <subfield code="m">"Picture changing operators in supergeometry and superstring theory,"</subfield>
    <subfield code="r">hep-th/9706033</subfield>
  </datafield>
  <datafield tag="999" ind1="C" ind2="5">
    <subfield code="o">[17]</subfield>
    <subfield code="h">S. Barannikov</subfield>
    <subfield code="m">"Modular Operads and Batalin-Vilkovisky Geometry", International Mathematics Research Notices, Volume 2007, Article ID rnm075</subfield>
  </datafield>
  <datafield tag="999" ind1="C" ind2="5">
    <subfield code="o">[18]</subfield>
    <subfield code="h">M. Markl</subfield>
    <subfield code="m">"Loop homotopy algebras in closed string field theory," Commun. Math. Phys., Volume 221, Issue 2</subfield>
  </datafield>
  <datafield tag="999" ind1="C" ind2="5">
    <subfield code="o">[19]</subfield>
    <subfield code="h">E. Witten</subfield>
    <subfield code="m">"Notes On Supermanifolds and Integration," 1209.2199 [hep-th]</subfield>
  </datafield>
  <datafield tag="999" ind1="C" ind2="5">
    <subfield code="o">[20]</subfield>
    <subfield code="h">E. Witten</subfield>
    <subfield code="m">"Notes On Super Riemann Surfaces And Their Moduli," 1209.2459 [hep-th]</subfield>
  </datafield>
  <datafield tag="999" ind1="C" ind2="5">
    <subfield code="o">[21]</subfield>
    <subfield code="h">A. Sen, B. Zwiebach</subfield>
    <subfield code="m">"Quantum background independence of closed-string field theory," Nucl. Phys. B, Volume 423, Issues 23</subfield>
  </datafield>
  <datafield tag="999" ind1="C" ind2="5">
    <subfield code="o">[22]</subfield>
    <subfield code="h">E. Getzler</subfield>
    <subfield code="m">"Batalin-Vilkovisky algebras and two-dimensional topological field theories," Commun. Math. Phys., Volume 159, Issue 2</subfield>
  </datafield>
  <datafield tag="999" ind1="C" ind2="5">
    <subfield code="o">[23]</subfield>
    <subfield code="h">E. Witten</subfield>
    <subfield code="m">"Superstring Perturbation Theory Revisited," 1209.5461 [hep-th]</subfield>
  </datafield>
  <datafield tag="999" ind1="C" ind2="5">
    <subfield code="o">[24]</subfield>
    <subfield code="h">B. DeWitt</subfield>
    <subfield code="m">"Supermanifolds," Cambridge Monographs on Mathematical Physics</subfield>
  </datafield>
  <datafield tag="999" ind1="C" ind2="5">
    <subfield code="o">[25]</subfield>
    <subfield code="h">E. Getzler, M.M. Kapranov</subfield>
    <subfield code="m">"Modular operads," Compos. Math., Volume 110, Issue 1</subfield>
  </datafield>
  <datafield tag="999" ind1="C" ind2="5">
    <subfield code="o">[26]</subfield>
    <subfield code="h">M. Markl, S. Shnider, J.D. Stasheff</subfield>
    <subfield code="m">"Operads in Algebra, Topology and Physics," AMS, Mathematical Surveys and Monographs, vol 96, Providence 2002</subfield>
  </datafield>
  <datafield tag="999" ind1="C" ind2="5">
    <subfield code="o">[27]</subfield>
    <subfield code="h">V. Ginzburg, M.M. Kapranov</subfield>
    <subfield code="m">"Koszul duality for operads," Duke Mathematical Journal, Volume 76, Number 1</subfield>
  </datafield>
  <datafield tag="999" ind1="C" ind2="5">
    <subfield code="o">[28]</subfield>
    <subfield code="h">Y. Okawa, B. Zwiebach</subfield>
    <subfield code="m">"Heterotic String Field Theory,"</subfield>
    <subfield code="r">hep-th/0406212</subfield>
  </datafield>
  <datafield tag="999" ind1="C" ind2="5">
    <subfield code="o">[29]</subfield>
    <subfield code="h">R. Donagi, E. Witten</subfield>
    <subfield code="m">to appear</subfield>
  </datafield>
  <datafield tag="999" ind1="C" ind2="5">
    <subfield code="o">[30]</subfield>
    <subfield code="h">K. Muenster, I. Sachs</subfield>
    <subfield code="m">"Homotopy Classification of Bosonic String Field Theory," 1208.5626 [hep-th]</subfield>
  </datafield>
  <datafield tag="999" ind1="C" ind2="5">
    <subfield code="o">[31]</subfield>
    <subfield code="h">K. Costello</subfield>
    <subfield code="m">"Topological conformal field theories and Calabi-Yau categories," Adv. Math., Volume 210, Issue 1</subfield>
  </datafield>
  <datafield tag="999" ind1="C" ind2="5">
    <subfield code="o">[32]</subfield>
    <subfield code="h">M. Doubek, B. Jurco, K. Muenster</subfield>
    <subfield code="m">"Modular Operads and the quantum open-closed homotopy Algebra," in preparation</subfield>
  </datafield>
  <datafield tag="999" ind1="C" ind2="5">
    <subfield code="o">[33]</subfield>
    <subfield code="h">K. Muenster, I. Sachs</subfield>
    <subfield code="m">"Quantum Open-Closed Homotopy Algebra and String Field Theory," 1109.4101 [hep-th]</subfield>
  </datafield>
  <datafield tag="999" ind1="C" ind2="5">
    <subfield code="o">[34]</subfield>
    <subfield code="h">D. Friedan, E. Martinec, S. Shenker</subfield>
    <subfield code="m">" Conformal invariance, supersymmetry and string theory," Nucl. Phys. B, Volume 271, Issue 1</subfield>
  </datafield>
  <datafield tag="999" ind1="C" ind2="5">
    <subfield code="o">[35]</subfield>
    <subfield code="h">J.J. Atick, A. Sen</subfield>
    <subfield code="m">"Spin field correlators on an arbitrary genus Riemann surface and non-renormalization theorems in string theories," Phys. Lett. B, Volume 186, Issues 34</subfield>
  </datafield>
  <datafield tag="999" ind1="C" ind2="6">
    <subfield code="a">Invenio/1.1.0.139-dcc0e refextract/1.1.0.139-dcc0e-1368516606-0-4-0-36-0-0-31</subfield>
  </datafield>
</record>