
<record>
  <controlfield tag="003">SzGeCERN</controlfield>
  <datafield tag="595" ind1=" " ind2=" ">
    <subfield code="a">LANL EDS</subfield>
  </datafield>
  <datafield tag="650" ind1="1" ind2="7">
    <subfield code="2">arXiv</subfield>
    <subfield code="a">Particle Physics - Experiment</subfield>
  </datafield>
  <datafield tag="100" ind1=" " ind2=" ">
    <subfield code="a">Schieck, J</subfield>
    <subfield code="u">Munich U.</subfield>
    <subfield code="u">Munich, Tech. U., Universe</subfield>
  </datafield>
  <datafield tag="035" ind1=" " ind2=" ">
    <subfield code="9">arXiv</subfield>
    <subfield code="a">oai:arXiv.org:1105.4873</subfield>
  </datafield>
  <datafield tag="035" ind1=" " ind2=" ">
    <subfield code="9">Inspire</subfield>
    <subfield code="a">901062</subfield>
  </datafield>
  <datafield tag="693" ind1=" " ind2=" ">
    <subfield code="a">CERN LEP</subfield>
    <subfield code="e">OPAL</subfield>
  </datafield>
  <datafield tag="856" ind1="4" ind2=" ">
    <subfield code="u">http://arxiv.org/pdf/1105.4873.pdf</subfield>
    <subfield code="y">Preprint</subfield>
  </datafield>
  <datafield tag="695" ind1=" " ind2=" ">
    <subfield code="a">hep-ex</subfield>
    <subfield code="9">LANL EDS</subfield>
  </datafield>
  <datafield tag="037" ind1=" " ind2=" ">
    <subfield code="a">arXiv:1105.4873</subfield>
  </datafield>
  <datafield tag="520" ind1=" " ind2=" ">
    <subfield code="a">The measurement of the strong coupling alpha_S using hadronic event shape distributions measured with the OPAL detector at center-of-mass energies between 91 and 209 GeV is summarized. For this measurement hadronic event shape distributions are compared to theoretical predictions based on next-to-next-to-leading-calculations (NNLO) and NNLO combined with resummed next-to-leading-logarithm calculations (NLLA). The combined result using NNLO calculations is alpha_S(MZ)=0.1201+-0.0008(stat.)+-0.0013(exp.)+-0.0010(had.)+-0.0024(theo.) and the result using NLLO and NLLA calculations is alpha_S(MZ)=0.1189+-0.0008(stat.)+-0.0016(exp.)=-0.0010(had.)+-0.0036(theo.), with both measurements being in agreement with the world average.</subfield>
  </datafield>
  <datafield tag="916" ind1=" " ind2=" ">
    <subfield code="s">n</subfield>
    <subfield code="w">201121</subfield>
  </datafield>
  <datafield tag="500" ind1=" " ind2=" ">
    <subfield code="a">Comments: 4 pages, 2 figures, contribution to the Proceedings of Rencontres de Moriond, QCD Session, March 20th - 27th, 2011 in La Thuile, Italy; based on arXiv:1101.1470</subfield>
  </datafield>
  <datafield tag="690" ind1="C" ind2=" ">
    <subfield code="a">PREPRINT</subfield>
  </datafield>
  <datafield tag="690" ind1="C" ind2=" ">
    <subfield code="a">CERN</subfield>
  </datafield>
  <datafield tag="710" ind1=" " ind2=" ">
    <subfield code="g">for the OPAL collaboration</subfield>
  </datafield>
  <datafield tag="260" ind1=" " ind2=" ">
    <subfield code="c">2011</subfield>
  </datafield>
  <datafield tag="269" ind1=" " ind2=" ">
    <subfield code="c">25 May 2011</subfield>
  </datafield>
  <datafield tag="041" ind1=" " ind2=" ">
    <subfield code="a">eng</subfield>
  </datafield>
  <datafield tag="245" ind1=" " ind2=" ">
    <subfield code="a">Determination of alpha_S using hadronic event shape distributions of data taken with the OPAL detector</subfield>
  </datafield>
  <datafield tag="960" ind1=" " ind2=" ">
    <subfield code="a">11</subfield>
  </datafield>
  <datafield tag="962" ind1=" " ind2=" ">
    <subfield code="b">1300481</subfield>
    <subfield code="n">lathuile20110320</subfield>
  </datafield>
  <datafield tag="980" ind1=" " ind2=" ">
    <subfield code="a">PREPRINT</subfield>
  </datafield>
  <datafield tag="980" ind1=" " ind2=" ">
    <subfield code="a">ConferencePaper</subfield>
  </datafield>
</record>