
<record>
  <datafield tag="088" ind1=" " ind2=" ">
    <subfield code="a">TM-2009-1261</subfield>
  </datafield>
  <datafield tag="245" ind1=" " ind2=" ">
    <subfield code="a">Website-Vol ou perte d'un document de legitimation.rev.</subfield>
  </datafield>
  <datafield tag="545" ind1=" " ind2=" ">
    <subfield code="a">TRANS</subfield>
  </datafield>
  <datafield tag="546" ind1=" " ind2=" ">
    <subfield code="a">French</subfield>
  </datafield>
  <datafield tag="546" ind1=" " ind2=" ">
    <subfield code="b">English</subfield>
  </datafield>
  <datafield tag="595" ind1=" " ind2=" ">
    <subfield code="a">CERN EDS</subfield>
  </datafield>
  <datafield tag="650" ind1=" " ind2=" ">
    <subfield code="2">SzGeCERN</subfield>
    <subfield code="a">HR</subfield>
  </datafield>
  <datafield tag="710" ind1=" " ind2=" ">
    <subfield code="5">HR</subfield>
  </datafield>
  <datafield tag="721" ind1=" " ind2=" ">
    <subfield code="a">Pym, J</subfield>
    <subfield code="l">330</subfield>
  </datafield>
  <datafield tag="722" ind1=" " ind2=" ">
    <subfield code="a">Wilkinson, J</subfield>
  </datafield>
  <datafield tag="859" ind1=" " ind2=" ">
    <subfield code="f">claudia.passeri@cern.ch</subfield>
  </datafield>
  <datafield tag="923" ind1=" " ind2=" ">
    <subfield code="r">Chantrel, C</subfield>
  </datafield>
  <datafield tag="925" ind1=" " ind2=" ">
    <subfield code="a">15 Dec 2009</subfield>
    <subfield code="b">09 Feb 2010</subfield>
  </datafield>
  <datafield tag="960" ind1=" " ind2=" ">
    <subfield code="a">98</subfield>
  </datafield>
  <datafield tag="980" ind1=" " ind2=" ">
    <subfield code="a">TRANSMIN</subfield>
  </datafield>
</record>