
<record>
  <datafield tag="037" ind1=" " ind2=" ">
    <subfield code="a">BUL-NA-2012-329</subfield>
  </datafield>
  <datafield tag="041" ind1=" " ind2=" ">
    <subfield code="a">en</subfield>
  </datafield>
  <datafield tag="041" ind1=" " ind2=" ">
    <subfield code="a">fr</subfield>
  </datafield>
  <datafield tag="100" ind1=" " ind2=" ">
    <subfield code="a">CERN Library</subfield>
  </datafield>
  <datafield tag="245" ind1=" " ind2=" ">
    <subfield code="a">News from the Library: Publishing Open Access articles beyond High Energy Physics</subfield>
  </datafield>
  <datafield tag="246" ind1=" " ind2="1">
    <subfield code="a">Le billet de la bibliothèque : publier des articles en libre accès au-delà de la physique des hautes énergies</subfield>
  </datafield>
  <datafield tag="260" ind1=" " ind2=" ">
    <subfield code="c">2012</subfield>
  </datafield>
  <datafield tag="269" ind1=" " ind2=" ">
    <subfield code="c">18/10/2012</subfield>
  </datafield>
  <datafield tag="520" ind1=" " ind2=" ">
    <subfield code="b">&lt;!--HTML-->&lt;!--HTML-->&lt;!--HTML-->&lt;!--HTML--> &lt;p class="articleHeader"> &lt;!--HTML-->&lt;!--HTML-->CERN has supported Open Access Publishing for many years, and the Scientific Information Service is working to implement this vision. We have just launched the flagship project SCOAP3 (Sponsoring Consortium for Open Access Publishing in Particle Physics) aimed at converting high-quality journals in High Energy Physics to Open Access for articles published as of 2014. More details &lt;a href="http://scoap3.org" target="_blank">here&lt;/a>.&lt;/p> &lt;p> &amp;nbsp;&lt;/p> &lt;div class="phlwithcaption"> &lt;div class="imageScale"> &lt;img src="https://cdsweb.cern.ch/record/1349250/files/logo_library(8)_image.jpg?subformat=icon" />&lt;/div> &lt;/div> &lt;p> In parallel, several win-win arrangements allow experimental&amp;nbsp;and theoretical high-energy physics results from CERN to be&amp;nbsp;published in Open&amp;nbsp;Access in a variety of high-impact journals. More information can be found &lt;a href="https://library.web.cern.ch/library/OpenAccess/Journals.html" target="_blank">here&lt;/a>.&lt;/p> &lt;p> Open Access publishing at CERN goes far beyond High Energy Physics.&amp;nbsp;Indeed, CERN is a key supporter of Open&amp;nbsp;Access in accelerator science, through sponsorship&amp;nbsp;of the APS journal&amp;nbsp;&lt;a href="http://prst-ab.aps.org/" target="_blank">PRSTAB&lt;/a>&amp;nbsp;and participation in the &lt;a href="http://www.jacow.org/" target="_blank">JACoW&lt;/a>&amp;nbsp;collaboration.&lt;br /> &lt;br /> Now CERN authors publishing in the field of engineering will&amp;nbsp;also have the opportunity to publish their findings as Open&amp;nbsp;Access articles. SAGE has recently launched a broad-based Open Access journal:&amp;nbsp;&lt;a href="http://tinyurl.com/sage-open-eng" target="_blank">Sage Open Engineering&lt;/a>.&lt;/p> &lt;p> Furthermore, a new opportunity is available for colleagues&amp;nbsp;working outside of the core CERN fields to publish Open&amp;nbsp;Access in&amp;nbsp;SpringerOpen&amp;nbsp;and&amp;nbsp;BioMed&amp;nbsp;Central&amp;nbsp;journals, which cover a range of disciplines. The full list of titles can be found on the&amp;nbsp;&lt;a href="http://www.springeropen.com/journals" target="_blank">SpringerOpen&lt;/a> and&amp;nbsp;&amp;nbsp;&lt;a href="http://www.biomedcentral.com/journals" target="_blank">BioMed Central&lt;/a> websites.&amp;nbsp;All these journals publish Open Access articles and run their own peer review system, while authors will retain copyright and articles will be licensed for re-use under the CC-BY license.&lt;br /> &lt;br /> The arrangements vary between different publishers. Before approaching&amp;nbsp;the publisher or if you are directly solicited,&amp;nbsp;please contact the &lt;a href="mailto:Jens.Vigen@cern.ch">Library&lt;/a> before making any commitment towards a third party: we will be glad to&amp;nbsp;support&amp;nbsp;you in this process.&lt;/p></subfield>
  </datafield>
  <datafield tag="590" ind1=" " ind2=" ">
    <subfield code="b">&lt;!--HTML-->&lt;!--HTML-->&lt;!--HTML-->&lt;!--HTML--> &lt;p class="articleHeader"> &lt;!--HTML-->&lt;!--HTML-->&lt;span id="cke_bm_206S" style="display: none;">&amp;nbsp;&lt;/span>Le CERN soutient l&amp;#39;&amp;eacute;dition en libre acc&amp;egrave;s depuis de nombreuses ann&amp;eacute;es, et le service d&amp;#39;Information scientifique s&amp;#39;emploie &amp;agrave; mettre en &amp;oelig;uvre cette vision. Nous venons de lancer le projet phare SCOAP3 (&lt;em>Sponsoring Consortium for Open Access Publishing in Particle Physics&lt;/em>) visant &amp;agrave; proposer les journaux scientifiques de qualit&amp;eacute; en physique des particules en libre acc&amp;egrave;s &amp;agrave; partir de 2014, vous trouverez plus de d&amp;eacute;tails &lt;a href="http://scoap3.org" target="_blank">ici&lt;/a>.&lt;/p> &lt;p> &amp;nbsp;&lt;/p> &lt;div class="phlwithcaption"> &lt;div class="imageScale"> &lt;img src="https://cdsweb.cern.ch/record/1349250/files/logo_library(8)_image.jpg?subformat=icon" />&lt;/div> &lt;/div> &lt;p> En parall&amp;egrave;le, gr&amp;acirc;ce &amp;agrave; plusieurs arrangements, les r&amp;eacute;sultats exp&amp;eacute;rimentaux et th&amp;eacute;oriques du CERN en physique des hautes &amp;eacute;nergies sont d&amp;eacute;j&amp;agrave; publi&amp;eacute;s en libre acc&amp;egrave;s dans une vari&amp;eacute;t&amp;eacute; de revues &amp;agrave; fort impact. Pour plus d&amp;#39;informations &lt;a href="https://library.web.cern.ch/library/OpenAccess/Journals.html" target="_blank">cliquez ici&lt;/a>.&lt;/p> &lt;p> Mais la publication en libre acc&amp;egrave;s au CERN va bien au-del&amp;agrave; de la physique des particules. En effet, le CERN est un des principaux partisans du libre acc&amp;egrave;s pour les sciences des acc&amp;eacute;l&amp;eacute;rateurs, gr&amp;acirc;ce au sponsoring de la revue&amp;nbsp;&lt;a href="http://prst-ab.aps.org/" target="_blank">PRSTAB&lt;/a> publi&amp;eacute;e par APS, et via sa participation &amp;agrave; la collaboration &lt;a href="http://www.jacow.org/" target="_blank">JACoW&lt;/a>.&lt;br /> &lt;br /> D&amp;eacute;sormais, les auteurs du CERN qui publient dans le domaine de l&amp;#39;ing&amp;eacute;nierie auront &amp;eacute;galement la possibilit&amp;eacute; de publier leurs r&amp;eacute;sultats en libre acc&amp;egrave;s. SAGE a r&amp;eacute;cemment lanc&amp;eacute; une revue en libre acc&amp;egrave;s :&amp;nbsp;&lt;em>&lt;a href="http://tinyurl.com/sage-open-eng" target="_blank">Sage Open Engineering&lt;/a>&lt;/em>.&lt;/p> &lt;p> Enfin, les coll&amp;egrave;gues travaillant en dehors des disciplines principales du CERN ont l&amp;#39;opportunit&amp;eacute; de publier en libre acc&amp;egrave;s dans les revues SpringerOpen et BioMed Central, qui couvrent un large spectre de disciplines.&amp;nbsp;La liste compl&amp;egrave;te des titres se trouve sur les sites&amp;nbsp;&lt;em>&lt;a href="http://www.springeropen.com/journals" target="_blank">SpringerOpen&lt;/a>&lt;/em> et &lt;em>&lt;a href="http://www.biomedcentral.com/journals" target="_blank">BioMed Central&lt;/a>&lt;/em>.&amp;nbsp;Toutes ces revues publient les articles valid&amp;eacute;s scientifiquement en libre acc&amp;egrave;s, les auteurs conservent le copyright et les articles peuvent &amp;ecirc;tre r&amp;eacute;utilis&amp;eacute;s sous la licence CC-BY.&lt;/p> &lt;p> Les modalit&amp;eacute;s de publication en libre acc&amp;egrave;s varient selon les diff&amp;eacute;rents &amp;eacute;diteurs. Avant d&amp;#39;aborder un &amp;eacute;diteur, ou si vous &amp;ecirc;tes directement sollicit&amp;eacute;, merci de contacter &lt;a href="mailto:Jens.Vigen@cern.ch">la biblioth&amp;egrave;que&lt;/a> avant de prendre tout engagement envers une tierce partie : nous serons heureux de vous accompagner dans ce processus.&lt;/p></subfield>
  </datafield>
  <datafield tag="594" ind1=" " ind2=" ">
    <subfield code="a">NO</subfield>
  </datafield>
  <datafield tag="595" ind1=" " ind2=" ">
    <subfield code="a">CERN Bulletin</subfield>
  </datafield>
  <datafield tag="595" ind1=" " ind2=" ">
    <subfield code="a">noicon</subfield>
  </datafield>
  <datafield tag="691" ind1=" " ind2=" ">
    <subfield code="a"></subfield>
  </datafield>
  <datafield tag="773" ind1=" " ind2=" ">
    <subfield code="c">10</subfield>
    <subfield code="n">43/2012</subfield>
    <subfield code="t">CERN Bulletin</subfield>
  </datafield>
  <datafield tag="773" ind1=" " ind2=" ">
    <subfield code="c">10</subfield>
    <subfield code="n">44/2012</subfield>
    <subfield code="t">CERN Bulletin</subfield>
  </datafield>
  <datafield tag="859" ind1=" " ind2=" ">
    <subfield code="a"></subfield>
    <subfield code="f">student.journalist@cern.ch</subfield>
  </datafield>
  <datafield tag="980" ind1=" " ind2=" ">
    <subfield code="a">BULLETINNEWS</subfield>
  </datafield>
</record>