
<record>
  <controlfield tag="003">SzGeCERN</controlfield>
  <datafield tag="035" ind1=" " ind2=" ">
    <subfield code="9">PHOPHO</subfield>
    <subfield code="a">0003165</subfield>
  </datafield>
  <datafield tag="037" ind1=" " ind2=" ">
    <subfield code="a">CERN-AC-0010288</subfield>
  </datafield>
  <datafield tag="100" ind1=" " ind2=" ">
    <subfield code="a">Guiraud, L</subfield>
  </datafield>
  <datafield tag="245" ind1=" " ind2=" ">
    <subfield code="a">LHC four superconducting cavity module number 1 - power tests in SM18</subfield>
  </datafield>
  <datafield tag="246" ind1=" " ind2="1">
    <subfield code="a">Test de puissance dans le bunker du SM18 du module LHC No.1 comprenant quatre cavites supraconducteurs</subfield>
  </datafield>
  <datafield tag="260" ind1=" " ind2=" ">
    <subfield code="c">2000</subfield>
  </datafield>
  <datafield tag="269" ind1=" " ind2=" ">
    <subfield code="c">06 Oct 2000</subfield>
  </datafield>
  <datafield tag="542" ind1=" " ind2=" ">
    <subfield code="d">CERN</subfield>
    <subfield code="g">2000</subfield>
  </datafield>
  <datafield tag="595" ind1=" " ind2=" ">
    <subfield code="a">CERN EDS</subfield>
  </datafield>
  <datafield tag="650" ind1="1" ind2="7">
    <subfield code="2">SzGeCERN</subfield>
    <subfield code="a">Accelerators</subfield>
  </datafield>
  <datafield tag="650" ind1="2" ind2="7">
    <subfield code="2">SzGeCERN</subfield>
    <subfield code="a">Radiofrequency</subfield>
  </datafield>
  <datafield tag="653" ind1="1" ind2=" ">
    <subfield code="9">CERN</subfield>
    <subfield code="a">LHC</subfield>
  </datafield>
  <datafield tag="773" ind1=" " ind2=" ">
    <subfield code="p">CERN Courier vol 41 no 9 : November 2001</subfield>
    <subfield code="u">http://www.cerncourier.com/main/article/41/9/14</subfield>
  </datafield>
  <datafield tag="859" ind1=" " ind2=" ">
    <subfield code="f">albert.insomby@cern.ch</subfield>
  </datafield>
  <datafield tag="859" ind1=" " ind2=" ">
    <subfield code="f">albert.insomby@cern.ch</subfield>
  </datafield>
  <datafield tag="916" ind1=" " ind2=" ">
    <subfield code="s">n</subfield>
    <subfield code="w">200319</subfield>
  </datafield>
  <datafield tag="923" ind1=" " ind2=" ">
    <subfield code="r">Insomby, A</subfield>
  </datafield>
  <datafield tag="923" ind1=" " ind2=" ">
    <subfield code="p">SM18</subfield>
  </datafield>
  <datafield tag="960" ind1=" " ind2=" ">
    <subfield code="a">81</subfield>
  </datafield>
  <datafield tag="960" ind1=" " ind2=" ">
    <subfield code="a">87</subfield>
  </datafield>
  <datafield tag="961" ind1=" " ind2=" ">
    <subfield code="c">20040210</subfield>
    <subfield code="h">1053</subfield>
    <subfield code="l">MMD01</subfield>
    <subfield code="x">20001026</subfield>
  </datafield>
  <datafield tag="963" ind1=" " ind2=" ">
    <subfield code="a">PUBLIC</subfield>
  </datafield>
  <datafield tag="980" ind1=" " ind2=" ">
    <subfield code="a">PHOTOLAB</subfield>
  </datafield>
  <datafield tag="980" ind1=" " ind2=" ">
    <subfield code="b">PHOTOLHCPROJECT</subfield>
  </datafield>
  <datafield tag="856" ind1="7" ind2=" ">
    <subfield code="2">MediaArchive</subfield>
    <subfield code="8">09</subfield>
    <subfield code="d">\\cern.ch\dfs\Services\MediaArchive\Photo\Masters\2000\0010288\0010288_09.jpg</subfield>
    <subfield code="x">Absolute master path</subfield>
  </datafield>
  <datafield tag="856" ind1="7" ind2=" ">
    <subfield code="2">MediaArchive</subfield>
    <subfield code="8">09</subfield>
    <subfield code="u">http://mediaarchive.cern.ch/MediaArchive/Photo/Public/2000/0010288/0010288_09/0010288_09-A4-at-144-dpi.jpg</subfield>
    <subfield code="x">jpgA4</subfield>
    <subfield code="y">A4 at 144 dpi</subfield>
  </datafield>
  <datafield tag="856" ind1="7" ind2=" ">
    <subfield code="2">MediaArchive</subfield>
    <subfield code="8">09</subfield>
    <subfield code="u">http://mediaarchive.cern.ch/MediaArchive/Photo/Public/2000/0010288/0010288_09/0010288_09-A5-at-72-dpi.jpg</subfield>
    <subfield code="x">jpgA5</subfield>
    <subfield code="y">A5 at 72 dpi</subfield>
  </datafield>
  <datafield tag="856" ind1="7" ind2=" ">
    <subfield code="2">MediaArchive</subfield>
    <subfield code="8">09</subfield>
    <subfield code="u">http://mediaarchive.cern.ch/MediaArchive/Photo/Public/2000/0010288/0010288_09/0010288_09-Icon.jpg</subfield>
    <subfield code="x">jpgIcon</subfield>
    <subfield code="y">Icon</subfield>
  </datafield>
  <datafield tag="970" ind1=" " ind2=" ">
    <subfield code="a">000003165MMD</subfield>
  </datafield>
  <datafield tag="856" ind1="4" ind2=" ">
    <subfield code="q">http://preprints.cern.ch/photo/photo-ac/0010288_09.gif</subfield>
    <subfield code="x">icon</subfield>
  </datafield>
  <datafield tag="856" ind1="4" ind2=" ">
    <subfield code="q">http://documents.cern.ch/cgi-bin/setlink?base=PHO&amp;categ=photo-ac&amp;id=0010288</subfield>
    <subfield code="x">1</subfield>
    <subfield code="y">Access to the pictures</subfield>
  </datafield>
</record>