
<record>
  <controlfield tag="003">SzGeCERN</controlfield>
  <datafield tag="035" ind1=" " ind2=" ">
    <subfield code="9">PHOPHO</subfield>
    <subfield code="a">0004324</subfield>
  </datafield>
  <datafield tag="037" ind1=" " ind2=" ">
    <subfield code="a">PAULI-ARCHIVE-PHO-202</subfield>
  </datafield>
  <datafield tag="100" ind1=" " ind2=" ">
    <subfield code="a">Unknown</subfield>
  </datafield>
  <datafield tag="245" ind1=" " ind2=" ">
    <subfield code="a">Wolfgang Pauli and 2 men</subfield>
  </datafield>
  <datafield tag="260" ind1=" " ind2=" ">
    <subfield code="c">2002</subfield>
  </datafield>
  <datafield tag="269" ind1=" " ind2=" ">
    <subfield code="a">unknown</subfield>
    <subfield code="c">unknown</subfield>
  </datafield>
  <datafield tag="340" ind1=" " ind2=" ">
    <subfield code="a">Copy no 12 on 1 sheet with 8 others 9.5x6.5</subfield>
  </datafield>
  <datafield tag="520" ind1=" " ind2=" ">
    <subfield code="a">Wolfgang Pauli in the middle</subfield>
  </datafield>
  <datafield tag="650" ind1="1" ind2="7">
    <subfield code="2">SzGeCERN</subfield>
    <subfield code="a">Personalities and History</subfield>
  </datafield>
  <datafield tag="690" ind1="C" ind2=" ">
    <subfield code="a">PAULI</subfield>
  </datafield>
  <datafield tag="916" ind1=" " ind2=" ">
    <subfield code="s">n</subfield>
    <subfield code="w">200213</subfield>
  </datafield>
  <datafield tag="960" ind1=" " ind2=" ">
    <subfield code="a">83</subfield>
  </datafield>
  <datafield tag="961" ind1=" " ind2=" ">
    <subfield code="c">20031203</subfield>
    <subfield code="h">0859</subfield>
    <subfield code="l">MMD01</subfield>
    <subfield code="x">20020327</subfield>
  </datafield>
  <datafield tag="963" ind1=" " ind2=" ">
    <subfield code="a">PUBLIC</subfield>
  </datafield>
  <datafield tag="970" ind1=" " ind2=" ">
    <subfield code="a">000004324MMD</subfield>
  </datafield>
  <datafield tag="980" ind1=" " ind2=" ">
    <subfield code="a">PHOTOPAULI</subfield>
  </datafield>
  <datafield tag="856" ind1="4" ind2=" ">
    <subfield code="q">http://preprints.cern.ch/photo/pauli-archive-pho/icon-202.gif</subfield>
    <subfield code="x">icon</subfield>
  </datafield>
  <datafield tag="856" ind1="4" ind2=" ">
    <subfield code="q">http://preprints.cern.ch/cgi-bin/setlink?base=PHO&amp;categ=pauli-archive-pho&amp;id=202</subfield>
    <subfield code="x">1</subfield>
    <subfield code="y">Access to the pictures</subfield>
  </datafield>
  <datafield tag="856" ind1="4" ind2=" ">
    <subfield code="u">http://cdsweb.cern.ch/record/1221536/files/202.jpg</subfield>
    <subfield code="y">Access to the pictures</subfield>
  </datafield>
  <datafield tag="856" ind1="4" ind2=" ">
    <subfield code="u">http://cdsweb.cern.ch/record/1221536/files/202.gif?subformat=icon</subfield>
    <subfield code="x">icon</subfield>
  </datafield>
</record>