
<record>
  <datafield tag="542" ind1=" " ind2=" ">
    <subfield code="d">CERN</subfield>
    <subfield code="g">2011</subfield>
  </datafield>
  <datafield tag="690" ind1="C" ind2=" ">
    <subfield code="a">CERN</subfield>
  </datafield>
  <datafield tag="690" ind1="C" ind2=" ">
    <subfield code="a">PHOTO</subfield>
  </datafield>
  <datafield tag="923" ind1=" " ind2=" ">
    <subfield code="p">CERN</subfield>
  </datafield>
  <datafield tag="595" ind1=" " ind2=" ">
    <subfield code="a">CERN EDS</subfield>
  </datafield>
  <datafield tag="963" ind1=" " ind2=" ">
    <subfield code="a">PUBLIC</subfield>
  </datafield>
  <datafield tag="980" ind1=" " ind2=" ">
    <subfield code="a">PHOTONA62</subfield>
  </datafield>
  <datafield tag="856" ind1="4" ind2=" ">
    <subfield code="u">http://cdsweb.cern.ch/record/1360712/files/IMG_0223.JPG</subfield>
    <subfield code="z">Laser Setup</subfield>
  </datafield>
  <datafield tag="856" ind1="4" ind2=" ">
    <subfield code="u">http://cdsweb.cern.ch/record/1360712/files/IMG_0244.JPG</subfield>
    <subfield code="z">Test-beam (PS)</subfield>
  </datafield>
  <datafield tag="856" ind1="4" ind2=" ">
    <subfield code="u">http://cdsweb.cern.ch/record/1360712/files/IMG_0272.JPG</subfield>
    <subfield code="z">Test-beam (PS)</subfield>
  </datafield>
  <datafield tag="856" ind1="4" ind2=" ">
    <subfield code="u">http://cdsweb.cern.ch/record/1360712/files/IMG_0273.JPG</subfield>
    <subfield code="z">Test-beam (PS)</subfield>
  </datafield>
  <datafield tag="856" ind1="4" ind2=" ">
    <subfield code="u">http://cdsweb.cern.ch/record/1360712/files/IMG_0290.JPG</subfield>
    <subfield code="z">Test-beam (PS)</subfield>
  </datafield>
  <datafield tag="856" ind1="4" ind2=" ">
    <subfield code="u">http://cdsweb.cern.ch/record/1360712/files/IMG_0300.JPG</subfield>
    <subfield code="z">Test-beam (PS)</subfield>
  </datafield>
  <datafield tag="856" ind1="4" ind2=" ">
    <subfield code="u">http://cdsweb.cern.ch/record/1360712/files/IMG_0311.JPG</subfield>
    <subfield code="z">Test-beam (PS)</subfield>
  </datafield>
  <datafield tag="856" ind1="4" ind2=" ">
    <subfield code="u">http://cdsweb.cern.ch/record/1360712/files/IMG_0313.JPG</subfield>
    <subfield code="z">Test-beam (PS)</subfield>
  </datafield>
  <datafield tag="856" ind1="4" ind2=" ">
    <subfield code="u">http://cdsweb.cern.ch/record/1360712/files/IMG_0324.JPG</subfield>
    <subfield code="z">Test-beam (PS)</subfield>
  </datafield>
  <datafield tag="856" ind1="4" ind2=" ">
    <subfield code="u">http://cdsweb.cern.ch/record/1360712/files/MC1.jpg</subfield>
    <subfield code="z">Micro Channel Cooling</subfield>
  </datafield>
  <datafield tag="856" ind1="4" ind2=" ">
    <subfield code="u">http://cdsweb.cern.ch/record/1360712/files/MC2.jpg</subfield>
    <subfield code="z">Micro Channel Cooling</subfield>
  </datafield>
  <datafield tag="856" ind1="4" ind2=" ">
    <subfield code="u">http://cdsweb.cern.ch/record/1360712/files/MC3.jpg</subfield>
    <subfield code="z">Micro Channel Cooling</subfield>
  </datafield>
  <datafield tag="856" ind1="4" ind2=" ">
    <subfield code="u">http://cdsweb.cern.ch/record/1360712/files/MC4.jpg</subfield>
    <subfield code="z">Micro Channel Cooling</subfield>
  </datafield>
  <datafield tag="856" ind1="4" ind2=" ">
    <subfield code="u">http://cdsweb.cern.ch/record/1360712/files/MC5.jpg</subfield>
    <subfield code="z">Micro Channel Cooling</subfield>
  </datafield>
  <datafield tag="856" ind1="4" ind2=" ">
    <subfield code="u">http://cdsweb.cern.ch/record/1360712/files/IMG_0223.gif?subformat=icon</subfield>
    <subfield code="x">icon</subfield>
    <subfield code="z">Laser Setup</subfield>
  </datafield>
  <datafield tag="856" ind1="4" ind2=" ">
    <subfield code="u">http://cdsweb.cern.ch/record/1360712/files/IMG_0223.gif?subformat=icon-640</subfield>
    <subfield code="x">icon-640</subfield>
    <subfield code="z">Laser Setup</subfield>
  </datafield>
  <datafield tag="856" ind1="4" ind2=" ">
    <subfield code="u">http://cdsweb.cern.ch/record/1360712/files/IMG_0244.gif?subformat=icon</subfield>
    <subfield code="x">icon</subfield>
    <subfield code="z">Test-beam (PS)</subfield>
  </datafield>
  <datafield tag="856" ind1="4" ind2=" ">
    <subfield code="u">http://cdsweb.cern.ch/record/1360712/files/IMG_0244.gif?subformat=icon-640</subfield>
    <subfield code="x">icon-640</subfield>
    <subfield code="z">Test-beam (PS)</subfield>
  </datafield>
  <datafield tag="856" ind1="4" ind2=" ">
    <subfield code="u">http://cdsweb.cern.ch/record/1360712/files/IMG_0272.gif?subformat=icon</subfield>
    <subfield code="x">icon</subfield>
    <subfield code="z">Test-beam (PS)</subfield>
  </datafield>
  <datafield tag="856" ind1="4" ind2=" ">
    <subfield code="u">http://cdsweb.cern.ch/record/1360712/files/IMG_0272.gif?subformat=icon-640</subfield>
    <subfield code="x">icon-640</subfield>
    <subfield code="z">Test-beam (PS)</subfield>
  </datafield>
  <datafield tag="856" ind1="4" ind2=" ">
    <subfield code="u">http://cdsweb.cern.ch/record/1360712/files/IMG_0273.gif?subformat=icon</subfield>
    <subfield code="x">icon</subfield>
    <subfield code="z">Test-beam (PS)</subfield>
  </datafield>
  <datafield tag="856" ind1="4" ind2=" ">
    <subfield code="u">http://cdsweb.cern.ch/record/1360712/files/IMG_0273.gif?subformat=icon-640</subfield>
    <subfield code="x">icon-640</subfield>
    <subfield code="z">Test-beam (PS)</subfield>
  </datafield>
  <datafield tag="856" ind1="4" ind2=" ">
    <subfield code="u">http://cdsweb.cern.ch/record/1360712/files/IMG_0290.gif?subformat=icon</subfield>
    <subfield code="x">icon</subfield>
    <subfield code="z">Test-beam (PS)</subfield>
  </datafield>
  <datafield tag="856" ind1="4" ind2=" ">
    <subfield code="u">http://cdsweb.cern.ch/record/1360712/files/IMG_0290.gif?subformat=icon-640</subfield>
    <subfield code="x">icon-640</subfield>
    <subfield code="z">Test-beam (PS)</subfield>
  </datafield>
  <datafield tag="856" ind1="4" ind2=" ">
    <subfield code="u">http://cdsweb.cern.ch/record/1360712/files/IMG_0300.gif?subformat=icon</subfield>
    <subfield code="x">icon</subfield>
    <subfield code="z">Test-beam (PS)</subfield>
  </datafield>
  <datafield tag="856" ind1="4" ind2=" ">
    <subfield code="u">http://cdsweb.cern.ch/record/1360712/files/IMG_0300.gif?subformat=icon-640</subfield>
    <subfield code="x">icon-640</subfield>
    <subfield code="z">Test-beam (PS)</subfield>
  </datafield>
  <datafield tag="856" ind1="4" ind2=" ">
    <subfield code="u">http://cdsweb.cern.ch/record/1360712/files/IMG_0311.gif?subformat=icon</subfield>
    <subfield code="x">icon</subfield>
    <subfield code="z">Test-beam (PS)</subfield>
  </datafield>
  <datafield tag="856" ind1="4" ind2=" ">
    <subfield code="u">http://cdsweb.cern.ch/record/1360712/files/IMG_0311.gif?subformat=icon-640</subfield>
    <subfield code="x">icon-640</subfield>
    <subfield code="z">Test-beam (PS)</subfield>
  </datafield>
  <datafield tag="856" ind1="4" ind2=" ">
    <subfield code="u">http://cdsweb.cern.ch/record/1360712/files/IMG_0313.gif?subformat=icon</subfield>
    <subfield code="x">icon</subfield>
    <subfield code="z">Test-beam (PS)</subfield>
  </datafield>
  <datafield tag="856" ind1="4" ind2=" ">
    <subfield code="u">http://cdsweb.cern.ch/record/1360712/files/IMG_0313.gif?subformat=icon-640</subfield>
    <subfield code="x">icon-640</subfield>
    <subfield code="z">Test-beam (PS)</subfield>
  </datafield>
  <datafield tag="856" ind1="4" ind2=" ">
    <subfield code="u">http://cdsweb.cern.ch/record/1360712/files/IMG_0324.gif?subformat=icon</subfield>
    <subfield code="x">icon</subfield>
    <subfield code="z">Test-beam (PS)</subfield>
  </datafield>
  <datafield tag="856" ind1="4" ind2=" ">
    <subfield code="u">http://cdsweb.cern.ch/record/1360712/files/IMG_0324.gif?subformat=icon-640</subfield>
    <subfield code="x">icon-640</subfield>
    <subfield code="z">Test-beam (PS)</subfield>
  </datafield>
  <datafield tag="856" ind1="4" ind2=" ">
    <subfield code="u">http://cdsweb.cern.ch/record/1360712/files/MC1.gif?subformat=icon</subfield>
    <subfield code="x">icon</subfield>
    <subfield code="z">Micro Channel Cooling</subfield>
  </datafield>
  <datafield tag="856" ind1="4" ind2=" ">
    <subfield code="u">http://cdsweb.cern.ch/record/1360712/files/MC1.gif?subformat=icon-640</subfield>
    <subfield code="x">icon-640</subfield>
    <subfield code="z">Micro Channel Cooling</subfield>
  </datafield>
  <datafield tag="856" ind1="4" ind2=" ">
    <subfield code="u">http://cdsweb.cern.ch/record/1360712/files/MC2.gif?subformat=icon</subfield>
    <subfield code="x">icon</subfield>
    <subfield code="z">Micro Channel Cooling</subfield>
  </datafield>
  <datafield tag="856" ind1="4" ind2=" ">
    <subfield code="u">http://cdsweb.cern.ch/record/1360712/files/MC2.gif?subformat=icon-640</subfield>
    <subfield code="x">icon-640</subfield>
    <subfield code="z">Micro Channel Cooling</subfield>
  </datafield>
  <datafield tag="856" ind1="4" ind2=" ">
    <subfield code="u">http://cdsweb.cern.ch/record/1360712/files/MC3.gif?subformat=icon</subfield>
    <subfield code="x">icon</subfield>
    <subfield code="z">Micro Channel Cooling</subfield>
  </datafield>
  <datafield tag="856" ind1="4" ind2=" ">
    <subfield code="u">http://cdsweb.cern.ch/record/1360712/files/MC3.gif?subformat=icon-640</subfield>
    <subfield code="x">icon-640</subfield>
    <subfield code="z">Micro Channel Cooling</subfield>
  </datafield>
  <datafield tag="856" ind1="4" ind2=" ">
    <subfield code="u">http://cdsweb.cern.ch/record/1360712/files/MC4.gif?subformat=icon</subfield>
    <subfield code="x">icon</subfield>
    <subfield code="z">Micro Channel Cooling</subfield>
  </datafield>
  <datafield tag="856" ind1="4" ind2=" ">
    <subfield code="u">http://cdsweb.cern.ch/record/1360712/files/MC4.gif?subformat=icon-640</subfield>
    <subfield code="x">icon-640</subfield>
    <subfield code="z">Micro Channel Cooling</subfield>
  </datafield>
  <datafield tag="856" ind1="4" ind2=" ">
    <subfield code="u">http://cdsweb.cern.ch/record/1360712/files/MC5.gif?subformat=icon</subfield>
    <subfield code="x">icon</subfield>
    <subfield code="z">Micro Channel Cooling</subfield>
  </datafield>
  <datafield tag="856" ind1="4" ind2=" ">
    <subfield code="u">http://cdsweb.cern.ch/record/1360712/files/MC5.gif?subformat=icon-640</subfield>
    <subfield code="x">icon-640</subfield>
    <subfield code="z">Micro Channel Cooling</subfield>
  </datafield>
  <datafield tag="859" ind1=" " ind2=" ">
    <subfield code="f">ferdinand.hahn@cern.ch</subfield>
  </datafield>
  <datafield tag="245" ind1=" " ind2=" ">
    <subfield code="a">GigaTracker</subfield>
  </datafield>
  <datafield tag="260" ind1=" " ind2=" ">
    <subfield code="c">2010</subfield>
  </datafield>
  <datafield tag="653" ind1="1" ind2=" ">
    <subfield code="a">GTK</subfield>
    <subfield code="9">CERN</subfield>
  </datafield>
  <datafield tag="653" ind1="1" ind2=" ">
    <subfield code="a">NA62</subfield>
    <subfield code="9">CERN</subfield>
  </datafield>
  <datafield tag="653" ind1="1" ind2=" ">
    <subfield code="a">micro-channel</subfield>
    <subfield code="9">CERN</subfield>
  </datafield>
  <datafield tag="653" ind1="1" ind2=" ">
    <subfield code="a">cooling</subfield>
    <subfield code="9">CERN</subfield>
  </datafield>
  <datafield tag="653" ind1="1" ind2=" ">
    <subfield code="a">laser</subfield>
    <subfield code="9">CERN</subfield>
  </datafield>
  <datafield tag="653" ind1="1" ind2=" ">
    <subfield code="a">test-beam</subfield>
    <subfield code="9">CERN</subfield>
  </datafield>
  <datafield tag="653" ind1="1" ind2=" ">
    <subfield code="a">GigaTracker</subfield>
    <subfield code="9">CERN</subfield>
  </datafield>
  <datafield tag="650" ind1="1" ind2="7">
    <subfield code="2">SzGeCERN</subfield>
    <subfield code="a">NA62</subfield>
  </datafield>
  <datafield tag="650" ind1="2" ind2="7">
    <subfield code="2">SzGeCERN</subfield>
    <subfield code="a">GigaTracker</subfield>
  </datafield>
  <datafield tag="037" ind1=" " ind2=" ">
    <subfield code="a">NA62-PHO-GTK-2010-001</subfield>
  </datafield>
  <datafield tag="960" ind1=" " ind2=" ">
    <subfield code="a">86</subfield>
  </datafield>
  <datafield tag="269" ind1=" " ind2=" ">
    <subfield code="a">Geneva</subfield>
    <subfield code="b">CERN</subfield>
    <subfield code="c">18/09/2010</subfield>
  </datafield>
  <datafield tag="916" ind1=" " ind2=" ">
    <subfield code="s">n</subfield>
    <subfield code="w">201125</subfield>
  </datafield>
  <datafield tag="700" ind1=" " ind2=" ">
    <subfield code="a">Fiorini, M</subfield>
  </datafield>
  <datafield tag="700" ind1=" " ind2=" ">
    <subfield code="a">Nuessle, G</subfield>
  </datafield>
  <datafield tag="700" ind1=" " ind2=" ">
    <subfield code="a">Kluge, A</subfield>
  </datafield>
  <datafield tag="700" ind1=" " ind2=" ">
    <subfield code="a">Marchetto, F</subfield>
  </datafield>
  <datafield tag="500" ind1=" " ind2=" ">
    <subfield code="a">General Photo</subfield>
  </datafield>
</record>