
<record>
  <controlfield tag="003">SzGeCERN</controlfield>
  <controlfield tag="005">20100301120457.0</controlfield>
  <datafield tag="035" ind1=" " ind2=" ">
    <subfield code="9">arXiv</subfield>
    <subfield code="a">oai:arXiv.org:0808.0566</subfield>
  </datafield>
  <datafield tag="035" ind1=" " ind2=" ">
    <subfield code="9">SPIRES</subfield>
    <subfield code="a">7857772</subfield>
  </datafield>
  <datafield tag="037" ind1=" " ind2=" ">
    <subfield code="a">arXiv:0808.0566</subfield>
  </datafield>
  <datafield tag="041" ind1=" " ind2=" ">
    <subfield code="a">eng</subfield>
  </datafield>
  <datafield tag="100" ind1=" " ind2=" ">
    <subfield code="a">Avrigeanu, M</subfield>
    <subfield code="u">"Horia Hulubei" National Institute for Physics and Nuclear Engineering, Bucharest</subfield>
  </datafield>
  <datafield tag="245" ind1=" " ind2=" ">
    <subfield code="a">Complementary optical-potential analysis of alpha-particle elastic scattering and induced reactions at low energies</subfield>
  </datafield>
  <datafield tag="260" ind1=" " ind2=" ">
    <subfield code="c">2008</subfield>
  </datafield>
  <datafield tag="269" ind1=" " ind2=" ">
    <subfield code="c">06 Aug 2008</subfield>
  </datafield>
  <datafield tag="300" ind1=" " ind2=" ">
    <subfield code="a">46 p</subfield>
  </datafield>
  <datafield tag="500" ind1=" " ind2=" ">
    <subfield code="a">Comments: 46 pages, 16 figures. n_TOF Collaboration Annual Meeting, Bari, Italy, 28-30 November 2007 (http://www.cern.ch/ntof/Documents/bari_nov07/bari_slides.php); revised version accepted for publication in ADNDT</subfield>
  </datafield>
  <datafield tag="520" ind1=" " ind2=" ">
    <subfield code="a">A previously derived semi-microscopic analysis based on the Double Folding Model, for alpha-particle elastic scattering on A~100 nuclei at energies below 32 MeV, is extended to medium mass A ~ 50-120 nuclei and energies from ~13 to 50 MeV. The energy-dependent phenomenological imaginary part for this semi-microscopic optical model potential was obtained including the dispersive correction to the microscopic real potential, and used within a concurrent phenomenological analysis of the same data basis. A regional parameter set for low-energy alpha-particles entirely based on elastic-scattering data analysis was also obtained for nuclei within the above-mentioned mass and energy ranges. Then, an ultimate assessment of (alpha,gamma), (alpha,n) and (alpha,p) reaction cross sections concerned target nuclei from 45Sc to 118Sn and incident energies below ~12 MeV. The former diffuseness of the real part of optical potential as well as the surface imaginary-potential depth have been found responsible for the actual difficulties in the description of these data, and modified in order to obtain an optical potential which describe equally well both the low energy elastic-scattering and induced-reaction data of alpha-particles.</subfield>
  </datafield>
  <datafield tag="595" ind1=" " ind2=" ">
    <subfield code="a">CDS</subfield>
  </datafield>
  <datafield tag="595" ind1=" " ind2=" ">
    <subfield code="a">LANL EDS</subfield>
  </datafield>
  <datafield tag="650" ind1="1" ind2="7">
    <subfield code="2">SzGeCERN</subfield>
    <subfield code="a">Nuclear Physics</subfield>
  </datafield>
  <datafield tag="690" ind1="C" ind2=" ">
    <subfield code="a">PREPRINT</subfield>
  </datafield>
  <datafield tag="693" ind1=" " ind2=" ">
    <subfield code="a">CERN PS</subfield>
    <subfield code="e">nTOF</subfield>
  </datafield>
  <datafield tag="695" ind1=" " ind2=" ">
    <subfield code="9">LANL EDS</subfield>
    <subfield code="a">Nuclear Experiment</subfield>
    <subfield code="a">nucl-ex</subfield>
  </datafield>
  <datafield tag="700" ind1=" " ind2=" ">
    <subfield code="a">Obreja, A C</subfield>
    <subfield code="u">"Horia Hulubei" National Institute for Physics and Nuclear Engineering, Bucharest</subfield>
  </datafield>
  <datafield tag="700" ind1=" " ind2=" ">
    <subfield code="a">Roman, F L</subfield>
    <subfield code="u">"Horia Hulubei" National Institute for Physics and Nuclear Engineering, Bucharest</subfield>
  </datafield>
  <datafield tag="700" ind1=" " ind2=" ">
    <subfield code="a">Avrigeanu, V</subfield>
    <subfield code="u">"Horia Hulubei" National Institute for Physics and Nuclear Engineering, Bucharest</subfield>
  </datafield>
  <datafield tag="700" ind1=" " ind2=" ">
    <subfield code="a">von Oertzen, W</subfield>
    <subfield code="u">Freie Universität Berlin and Hahn-Meitner-Institut, Berlin</subfield>
  </datafield>
  <datafield tag="916" ind1=" " ind2=" ">
    <subfield code="s">n</subfield>
    <subfield code="w">200831</subfield>
  </datafield>
  <datafield tag="960" ind1=" " ind2=" ">
    <subfield code="a">11</subfield>
  </datafield>
  <datafield tag="961" ind1=" " ind2=" ">
    <subfield code="c">20100419</subfield>
    <subfield code="h">1113</subfield>
    <subfield code="l">CER01</subfield>
    <subfield code="x">20080806</subfield>
  </datafield>
  <datafield tag="963" ind1=" " ind2=" ">
    <subfield code="a">PUBLIC</subfield>
  </datafield>
  <datafield tag="970" ind1=" " ind2=" ">
    <subfield code="a">002771494CER</subfield>
  </datafield>
  <datafield tag="980" ind1=" " ind2=" ">
    <subfield code="a">PREPRINT</subfield>
  </datafield>
  <datafield tag="856" ind1="4" ind2=" ">
    <subfield code="u">http://arxiv.org/pdf/0808.0566.pdf</subfield>
    <subfield code="y">Preprint</subfield>
  </datafield>
</record>