
<record>
  <datafield tag="037" ind1=" " ind2=" ">
    <subfield code="a">PH-EP-Tech-Note-2012-003</subfield>
  </datafield>
  <datafield tag="100" ind1=" " ind2=" ">
    <subfield code="a">Koczon, P</subfield>
    <subfield code="u">GSI Darmstadt (D)</subfield>
  </datafield>
  <datafield tag="700" ind1=" " ind2=" ">
    <subfield code="a">Braem, A</subfield>
    <subfield code="u">CERN (CH)</subfield>
  </datafield>
  <datafield tag="700" ind1=" " ind2=" ">
    <subfield code="a">Joram, C</subfield>
    <subfield code="u">CERN (CH)</subfield>
  </datafield>
  <datafield tag="700" ind1=" " ind2=" ">
    <subfield code="a">Solevi, P</subfield>
    <subfield code="u">ETH Zurich (CH)</subfield>
  </datafield>
  <datafield tag="700" ind1=" " ind2=" ">
    <subfield code="a">D¨urr, M</subfield>
    <subfield code="u">Hochschule Esslingen (D)</subfield>
  </datafield>
  <datafield tag="700" ind1=" " ind2=" ">
    <subfield code="a">H¨ohne, C</subfield>
    <subfield code="u">GSI Darmstadt (D)</subfield>
  </datafield>
  <datafield tag="710" ind1=" " ind2=" ">
    <subfield code="5">PH</subfield>
  </datafield>
  <datafield tag="245" ind1=" " ind2=" ">
    <subfield code="a">Wavelength-shifting materials for the use in RICH detectors - p-terphenyl and tetraphenyl-butadiene revisited</subfield>
  </datafield>
  <datafield tag="260" ind1=" " ind2=" ">
    <subfield code="c">2010</subfield>
  </datafield>
  <datafield tag="269" ind1=" " ind2=" ">
    <subfield code="b">CERN</subfield>
    <subfield code="a">Geneva</subfield>
    <subfield code="c">26 Mar 2010</subfield>
  </datafield>
  <datafield tag="300" ind1=" " ind2=" ">
    <subfield code="a">5 p</subfield>
  </datafield>
  <datafield tag="520" ind1=" " ind2=" ">
    <subfield code="a">P-terphenyl (PT) and tetraphenyl-butadiene (TPB) in form of thin films have been investigated as possible wavelength shifting material for application in Ring Imaging Cherenkov (RICH) detectors. Films of dierent thickness were evaporated onto borosilicate windows of photomultiplier tubes (PMT) and the quantum eciency of the modified PMTs was determined as a function of wavelength. Gain factors for the number of measured photoelectrons in dependence on the cuto wavelength (energy) for application in Cherenkov counters were established. Using PT, a strong increase in quantum eciency between 200 nm and 300 nm was observed leading to gain factors as high as 1.71 ± 0.11 for a cutoff energy of 6.2 eV. Due to strong absorption in the wavelength range between 300 nm and 400 nm, TPB shows inferior results. No significant thickness dependence was observed for films thicker than 600 nm. Film morphology and wavelength dependent fluorescence was measured to back the results. Simulations encourage the use on flat panel multi-anode photomultipliers.</subfield>
  </datafield>
  <datafield tag="595" ind1=" " ind2=" ">
    <subfield code="a">CERN EDS</subfield>
  </datafield>
  <datafield tag="653" ind1="1" ind2=" ">
    <subfield code="a">Wavelength shifter, RICH detector, Cherenkov radiation</subfield>
    <subfield code="9">CERN</subfield>
  </datafield>
  <datafield tag="650" ind1="1" ind2="7">
    <subfield code="2">SzGeCERN</subfield>
    <subfield code="a">Detectors and Experimental Techniques</subfield>
  </datafield>
  <datafield tag="690" ind1="C" ind2=" ">
    <subfield code="a">CERN</subfield>
  </datafield>
  <datafield tag="690" ind1="C" ind2=" ">
    <subfield code="a">CERN Internal Note</subfield>
  </datafield>
  <datafield tag="690" ind1="C" ind2=" ">
    <subfield code="a">INTNOTEPHEPTECHPUBL</subfield>
  </datafield>
  <datafield tag="856" ind1="4" ind2=" ">
    <subfield code="u">http://cdsweb.cern.ch/record/1457653/files/PH-EP-Tech-Note-2012-003.pdf</subfield>
    <subfield code="y">Fulltext</subfield>
  </datafield>
  <datafield tag="856" ind1="4" ind2=" ">
    <subfield code="u">http://cdsweb.cern.ch/record/1457653/files/PH-EP-Tech-Note-2012-003.pdf?subformat=pdfa</subfield>
    <subfield code="x">pdfa</subfield>
  </datafield>
  <datafield tag="859" ind1=" " ind2=" ">
    <subfield code="f">christian.joram@cern.ch</subfield>
  </datafield>
  <datafield tag="916" ind1=" " ind2=" ">
    <subfield code="s">n</subfield>
    <subfield code="w">201226</subfield>
  </datafield>
  <datafield tag="960" ind1=" " ind2=" ">
    <subfield code="a">102</subfield>
  </datafield>
  <datafield tag="963" ind1=" " ind2=" ">
    <subfield code="a">PUBLIC</subfield>
  </datafield>
  <datafield tag="970" ind1=" " ind2=" ">
    <subfield code="a">000724218CER</subfield>
  </datafield>
  <datafield tag="980" ind1=" " ind2=" ">
    <subfield code="a">INTNOTEPHEPTECHPUBL</subfield>
  </datafield>
</record>