
<record>
  <controlfield tag="003">SzGeCERN</controlfield>
  <controlfield tag="005">20130514103101.0</controlfield>
  <datafield tag="035" ind1=" " ind2=" ">
    <subfield code="a">oai:arXiv.org:1305.2057</subfield>
    <subfield code="u">http://export.arxiv.org/oai2</subfield>
    <subfield code="d">2013-05-10</subfield>
    <subfield code="h">2013-05-14T06:10:48Z</subfield>
    <subfield code="m">arXiv</subfield>
    <subfield code="t">false</subfield>
    <subfield code="9">arXiv</subfield>
  </datafield>
  <datafield tag="037" ind1=" " ind2=" ">
    <subfield code="a">arXiv:1305.2057</subfield>
  </datafield>
  <datafield tag="041" ind1=" " ind2=" ">
    <subfield code="a">eng</subfield>
  </datafield>
  <datafield tag="088" ind1=" " ind2=" ">
    <subfield code="a">CERN-PH-TH-2013-072</subfield>
  </datafield>
  <datafield tag="084" ind1=" " ind2=" ">
    <subfield code="a">TH-2013-072</subfield>
    <subfield code="2">CERN Library</subfield>
  </datafield>
  <datafield tag="710" ind1=" " ind2=" ">
    <subfield code="5">PH-TH</subfield>
  </datafield>
  <datafield tag="595" ind1=" " ind2=" ">
    <subfield code="a">OA</subfield>
  </datafield>
  <datafield tag="595" ind1=" " ind2=" ">
    <subfield code="a">CERN-TH</subfield>
  </datafield>
  <datafield tag="100" ind1=" " ind2=" ">
    <subfield code="a">Ferrara, Sergio</subfield>
  </datafield>
  <datafield tag="700" ind1=" " ind2=" ">
    <subfield code="a">Marrani, Alessio</subfield>
  </datafield>
  <datafield tag="700" ind1=" " ind2=" ">
    <subfield code="a">Orazi, Emanuele</subfield>
  </datafield>
  <datafield tag="700" ind1=" " ind2=" ">
    <subfield code="a">Trigiante, Mario</subfield>
  </datafield>
  <datafield tag="856" ind1="4" ind2=" ">
    <subfield code="u">http://arxiv.org/pdf/1305.2057.pdf</subfield>
    <subfield code="y">Preprint</subfield>
  </datafield>
  <datafield tag="856" ind1="4" ind2=" ">
    <subfield code="u">http://cdsdev.cern.ch/record/1498049/files/arXiv%3A1305.2057.pdf</subfield>
  </datafield>
  <datafield tag="916" ind1=" " ind2=" ">
    <subfield code="s">n</subfield>
    <subfield code="w">201319</subfield>
  </datafield>
  <datafield tag="245" ind1=" " ind2=" ">
    <subfield code="a">Dualities Near the Horizon</subfield>
  </datafield>
  <datafield tag="269" ind1=" " ind2=" ">
    <subfield code="c">09 May 2013</subfield>
  </datafield>
  <datafield tag="300" ind1=" " ind2=" ">
    <subfield code="a">1+37 p</subfield>
  </datafield>
  <datafield tag="520" ind1=" " ind2=" ">
    <subfield code="a">In 4-dimensional supergravity theories, covariant under symplectic electric-magnetic duality rotations, a significant role is played by the symplectic matrix M({\phi}), related to the coupling of scalars {\phi} to vector field-strengths. In particular, this matrix enters the twisted self-duality condition for 2-form field strengths in the symplectic formulation of generalized Maxwell equations in presence of scalar fields. In this investigation, we compute several properties of this matrix in relation to the attractor mechanism of extremal (asymptotically flat) black holes. At the attractor points with no flat directions (as in the N = 2 BPS case), this matrix enjoys a universal form in terms of the dyonic charge vector Q and the invariants of the corresponding symplectic representation RQ of the duality group G, whenever the scalar manifold is a symmetric space with G simple. At attractors with flat directions, M still depends on flat directions, but not MQ, defining the so-called Freudenthal dual of Q itself. This allows for a universal expression of the symplectic vector field strengths in terms of Q, in the near-horizon Bertotti-Robinson black hole geometry.</subfield>
  </datafield>
  <datafield tag="500" ind1=" " ind2=" ">
    <subfield code="a">Comments: 1+37 pages, 1 Table</subfield>
  </datafield>
  <datafield tag="595" ind1=" " ind2=" ">
    <subfield code="a">LANL EDS</subfield>
  </datafield>
  <datafield tag="650" ind1="1" ind2="7">
    <subfield code="a">Particle Physics - Theory</subfield>
    <subfield code="2">arXiv</subfield>
  </datafield>
  <datafield tag="695" ind1=" " ind2=" ">
    <subfield code="a">hep-th</subfield>
    <subfield code="9">LANL EDS</subfield>
  </datafield>
  <datafield tag="260" ind1=" " ind2=" ">
    <subfield code="c">2013</subfield>
  </datafield>
  <datafield tag="690" ind1="C" ind2=" ">
    <subfield code="a">PREPRINT</subfield>
  </datafield>
  <datafield tag="690" ind1="C" ind2=" ">
    <subfield code="a">CERN</subfield>
  </datafield>
  <datafield tag="980" ind1=" " ind2=" ">
    <subfield code="a">PREPRINT</subfield>
  </datafield>
  <datafield tag="980" ind1=" " ind2=" ">
    <subfield code="a">CERN</subfield>
  </datafield>
  <datafield tag="960" ind1=" " ind2=" ">
    <subfield code="a">11</subfield>
  </datafield>
  <datafield tag="999" ind1="C" ind2="5">
    <subfield code="o">[1]</subfield>
    <subfield code="h">C. Hull and P. K. Townsend</subfield>
    <subfield code="m">Unity of Superstring Dualities</subfield>
    <subfield code="s">Nucl. Phys B 438 (1995) 109</subfield>
    <subfield code="r">hep-th/9410167</subfield>
  </datafield>
  <datafield tag="999" ind1="C" ind2="5">
    <subfield code="o">[2]</subfield>
    <subfield code="h">M. K. Gaillard, B. Zumino</subfield>
    <subfield code="m">Duality Rotations for Interacting Fields</subfield>
    <subfield code="s">Nucl. Phys B 193 (1981) 221</subfield>
  </datafield>
  <datafield tag="999" ind1="C" ind2="5">
    <subfield code="o">[3]</subfield>
    <subfield code="h">A. Strominger</subfield>
    <subfield code="m">Special Geometry</subfield>
    <subfield code="s">Commun. Math. Phys. 133 (1990) 163</subfield>
  </datafield>
  <datafield tag="999" ind1="C" ind2="5">
    <subfield code="o">[4]</subfield>
    <subfield code="h">L. Andrianopoli, R. D’Auria, S. Ferrara</subfield>
    <subfield code="m">U duality and central charges in various dimen-sions revisited</subfield>
    <subfield code="s">Int. J. Mod. Phys A 13 (1998) 431</subfield>
    <subfield code="r">hep-th/9612105</subfield>
  </datafield>
  <datafield tag="999" ind1="C" ind2="5">
    <subfield code="o">[5]</subfield>
    <subfield code="h">S. Ferrara and R. Kallosh</subfield>
    <subfield code="m">On N = 8 Attractors</subfield>
    <subfield code="s">Phys. Rev D 73 (2006) 125005</subfield>
    <subfield code="r">hep-th/0603247</subfield>
  </datafield>
  <datafield tag="999" ind1="C" ind2="5">
    <subfield code="o">[6]</subfield>
    <subfield code="h">S. Ferrara, R. Kallosh and A. Strominger</subfield>
    <subfield code="m">N = 2 Extremal Black Holes</subfield>
    <subfield code="s">Phys. Rev D 52 (1995) 5412</subfield>
    <subfield code="r">hep-th/9508072</subfield>
  </datafield>
  <datafield tag="999" ind1="C" ind2="5">
    <subfield code="o">[6]</subfield>
    <subfield code="h">A. Strominger</subfield>
    <subfield code="m">Macroscopic Entropy of N = 2 Extremal Black Holes</subfield>
    <subfield code="s">Phys. Lett B 383 (1996) 39</subfield>
    <subfield code="r">hep-th/9602111</subfield>
  </datafield>
  <datafield tag="999" ind1="C" ind2="5">
    <subfield code="o">[6]</subfield>
    <subfield code="h">S. Ferrara and R. Kallosh</subfield>
    <subfield code="m">Supersymmetry and Attractors</subfield>
    <subfield code="s">Phys. Rev D 54 (1996) 1514</subfield>
    <subfield code="r">hep-th/9602136</subfield>
  </datafield>
  <datafield tag="999" ind1="C" ind2="5">
    <subfield code="o">[6]</subfield>
    <subfield code="h">S. Ferrara and R. Kallosh</subfield>
    <subfield code="m">Universality of Supersymmetric Attractors</subfield>
    <subfield code="s">Phys. Rev D 54 (1996) 1525</subfield>
    <subfield code="r">hep-th/9603090</subfield>
  </datafield>
  <datafield tag="999" ind1="C" ind2="5">
    <subfield code="o">[7]</subfield>
    <subfield code="h">S. Ferrara, G. W. Gibbons and R. Kallosh</subfield>
    <subfield code="m">Black holes and critical points in moduli space</subfield>
    <subfield code="s">Nucl. Phys B 500 (1997) 75</subfield>
    <subfield code="r">hep-th/9702103</subfield>
  </datafield>
  <datafield tag="999" ind1="C" ind2="5">
    <subfield code="o">[8]</subfield>
    <subfield code="h">B. Bertotti</subfield>
    <subfield code="m">Uniform Electromagnetic Field in the Theory of General Relativity</subfield>
    <subfield code="s">Phys. Rev. 116 (1959) 1331</subfield>
  </datafield>
  <datafield tag="999" ind1="C" ind2="5">
    <subfield code="o">[8]</subfield>
    <subfield code="h">I. Robinson</subfield>
    <subfield code="s">Bull. Acad. Polon. 7 (1959) 351</subfield>
  </datafield>
  <datafield tag="999" ind1="C" ind2="5">
    <subfield code="o">[9]</subfield>
    <subfield code="h">S. W. Hawking</subfield>
    <subfield code="m">Gravitational Radiation from Colliding Black Holes</subfield>
    <subfield code="s">Phys. Rev. Lett. 26 (1971) 1344</subfield>
  </datafield>
  <datafield tag="999" ind1="C" ind2="5">
    <subfield code="o">[9]</subfield>
    <subfield code="h">J. D. Bekenstein</subfield>
    <subfield code="m">Black Holes and Entropy</subfield>
    <subfield code="s">Phys. Rev D 7 (1973) 2333</subfield>
  </datafield>
  <datafield tag="999" ind1="C" ind2="5">
    <subfield code="o">[10]</subfield>
    <subfield code="h">L. Borsten, D. Dahanayake, M.J. Duff, W. Rubens</subfield>
    <subfield code="m">Black holes admitting a Freudenthal dual,  [hep-th]</subfield>
    <subfield code="s">Phys. Rev D 80 (2009) 026003</subfield>
    <subfield code="r">arXiv:0903.5517</subfield>
  </datafield>
  <datafield tag="999" ind1="C" ind2="5">
    <subfield code="o">[11]</subfield>
    <subfield code="h">S. Ferrara, A. Marrani, A. Yeranyan</subfield>
    <subfield code="m">Freudenthal Duality and Generalized Special Geom-etry,  [hep-th]</subfield>
    <subfield code="s">Phys. Lett B 701 (2011) 640</subfield>
    <subfield code="r">arXiv:1102.4857</subfield>
  </datafield>
  <datafield tag="999" ind1="C" ind2="5">
    <subfield code="o">[12]</subfield>
    <subfield code="h">P. Galli, P. Meessen, T. Ortín</subfield>
    <subfield code="m">The Freudenthal gauge Symmetry of the black holes of N = 2, d = 4 supergravity,  [hep-th]</subfield>
    <subfield code="r">arXiv:1211.7296</subfield>
  </datafield>
  <datafield tag="999" ind1="C" ind2="5">
    <subfield code="o">[13]</subfield>
    <subfield code="h">L. Borsten, M.J. Duff, S. Ferrara, A. Marrani</subfield>
    <subfield code="m">Freudenthal Dual Lagrangians,  [hep-th]</subfield>
    <subfield code="r">arXiv:1212.3254</subfield>
  </datafield>
  <datafield tag="999" ind1="C" ind2="5">
    <subfield code="o">[14]</subfield>
    <subfield code="h">S. Ferrara and O. Macía</subfield>
    <subfield code="m">Observations on the Darboux coordinates for rigid special geom-etry</subfield>
    <subfield code="s">J. High Energy Phys. 0605 (2006) 008</subfield>
    <subfield code="r">hep-th/0602262</subfield>
  </datafield>
  <datafield tag="999" ind1="C" ind2="5">
    <subfield code="o">[15]</subfield>
    <subfield code="h">M. Graña, J. Louis, A. Sim, D. Waldram</subfield>
    <subfield code="m">E7(7) formulation of N = 2 backgrounds,  [hep-th]</subfield>
    <subfield code="s">J. High Energy Phys. 0907 (2009) 104</subfield>
    <subfield code="r">arXiv:0904.2333</subfield>
  </datafield>
  <datafield tag="999" ind1="C" ind2="5">
    <subfield code="o">[16]</subfield>
    <subfield code="h">L. Andrianopoli, M. Bertolini, A. Ceresole, R. D’Auria, S. Ferrara, P. Fre and T. Ma-gri</subfield>
    <subfield code="m">N = 2 supergravity and N = 2 superYang-Mills theory on general scalar manifolds Symplectic covariance, gaugings and the momentum map</subfield>
    <subfield code="s">J. Geom. Phys. 23 (1997) 111</subfield>
    <subfield code="r">hep-th/9605032</subfield>
  </datafield>
  <datafield tag="999" ind1="C" ind2="5">
    <subfield code="o">[17]</subfield>
    <subfield code="h">L. Andrianopoli, R. D’Auria, E. Orazi and M. Trigiante</subfield>
    <subfield code="m">First Order Description of D = 4static Black Holes and the Hamilton-Jacobi equation,  [hep-th]</subfield>
    <subfield code="s">Nucl. Phys B 833 (2010) 1</subfield>
    <subfield code="r">arXiv:0905.3938</subfield>
  </datafield>
  <datafield tag="999" ind1="C" ind2="5">
    <subfield code="o">[18]</subfield>
    <subfield code="h">A. Ceresole, R. D’Auria and S. Ferrara</subfield>
    <subfield code="m">The Symplectic structure of N = 2 supergravity and its central extension</subfield>
    <subfield code="s">Nucl. Phys. B, Proc. Suppl. 46 (1996) 67</subfield>
    <subfield code="r">hep-th/9509160</subfield>
  </datafield>
  <datafield tag="999" ind1="C" ind2="5">
    <subfield code="o">[19]</subfield>
    <subfield code="h">P. Breitenlohner, G. W. Gibbons and D. Maison</subfield>
    <subfield code="m">Four-Dimensional Black Holes from Kaluza-Klein Theories</subfield>
    <subfield code="s">Commun. Math. Phys. 120 (1988) 295</subfield>
  </datafield>
  <datafield tag="999" ind1="C" ind2="5">
    <subfield code="o">[20]</subfield>
    <subfield code="h">E. Cremmer and B. Julia</subfield>
    <subfield code="m">The N = 8 Supergravity Theory. 1. The Lagrangian</subfield>
    <subfield code="s">Phys. Lett B 80 (1978) 48</subfield>
  </datafield>
  <datafield tag="999" ind1="C" ind2="5">
    <subfield code="o">[20]</subfield>
    <subfield code="h">E. Cremmer and B. Julia</subfield>
    <subfield code="m">The SO(8) Supergravity</subfield>
    <subfield code="s">Nucl. Phys B 159 (1979) 141</subfield>
  </datafield>
  <datafield tag="999" ind1="C" ind2="5">
    <subfield code="o">[21]</subfield>
    <subfield code="h">R. B. Brown</subfield>
    <subfield code="m">Groups of Type E7</subfield>
    <subfield code="s">J. Reine Angew. Math. 236 (1969) 79</subfield>
  </datafield>
  <datafield tag="999" ind1="C" ind2="5">
    <subfield code="o">[22]</subfield>
    <subfield code="h">F. Denef</subfield>
    <subfield code="m">Supergravity flows and D-brane stability</subfield>
    <subfield code="s">J. High Energy Phys. 0008 (2000) 050</subfield>
    <subfield code="r">hep-th/0005049</subfield>
  </datafield>
  <datafield tag="999" ind1="C" ind2="5">
    <subfield code="o">[23]</subfield>
    <subfield code="h">L. Andrianopoli, R. D’Auria, S. Ferrara, M. Trigiante</subfield>
    <subfield code="m">Extremal black holes in supergravity</subfield>
    <subfield code="s">Lect. Notes Phys. 737 (2008) 661</subfield>
    <subfield code="r">hep-th/0611345</subfield>
  </datafield>
  <datafield tag="999" ind1="C" ind2="5">
    <subfield code="o">[24]</subfield>
    <subfield code="h">L. Andrianopoli, R. D’Auria, S. Ferrara, M. Trigiante</subfield>
    <subfield code="m">Fake Superpotential for Large and Small Extremal Black Holes,  [hep-th]</subfield>
    <subfield code="s">J. High Energy Phys. 1008 (2010) 126</subfield>
    <subfield code="r">arXiv:1002.4340</subfield>
  </datafield>
  <datafield tag="999" ind1="C" ind2="5">
    <subfield code="o">[25]</subfield>
    <subfield code="h">S. Ferrara, A. Marrani</subfield>
    <subfield code="m">On the Moduli Space of non-BPS Attractors for N = 2 Symmetric Manifolds,  [hep-th]</subfield>
    <subfield code="s">Phys. Lett B 652 (2007) 111</subfield>
    <subfield code="r">arXiv:0706.1667</subfield>
  </datafield>
  <datafield tag="999" ind1="C" ind2="5">
    <subfield code="o">[26]</subfield>
    <subfield code="h">S. Cecotti, S. Ferrara, L. Girardello</subfield>
    <subfield code="m">Geometry of Type II Superstrings and the Moduli of Superconformal Field Theories</subfield>
    <subfield code="s">Int. J. Mod. Phys A 4 (1989) 2475</subfield>
  </datafield>
  <datafield tag="999" ind1="C" ind2="5">
    <subfield code="o">[27]</subfield>
    <subfield code="h">A. Ceresole, S. Ferrara, A. Marrani</subfield>
    <subfield code="m">4d/5d Correspondence for the Black Hole Potential and its Critical Points,  [hep-th]</subfield>
    <subfield code="s">Class. Quantum Gravity 24 (2007) 5651</subfield>
    <subfield code="r">arXiv:0707.0964</subfield>
  </datafield>
  <datafield tag="999" ind1="C" ind2="5">
    <subfield code="o">[28]</subfield>
    <subfield code="h">A. Marrani, E. Orazi, F. Riccioni</subfield>
    <subfield code="m">Exceptional Reductions,  [hep-th]</subfield>
    <subfield code="s">J. Phys A 44 (2011) 155207</subfield>
    <subfield code="r">arXiv:1012.5797</subfield>
  </datafield>
  <datafield tag="999" ind1="C" ind2="5">
    <subfield code="o">[29]</subfield>
    <subfield code="h">L. Andrianopoli, R. D’Auria, S. Ferrara, A. Marrani, M. Trigiante</subfield>
    <subfield code="m">Two-Centered Magical Charge Orbits,  [hep-th]</subfield>
    <subfield code="s">J. High Energy Phys. 1104 (2011) 041</subfield>
    <subfield code="r">arXiv:1101.3496</subfield>
  </datafield>
  <datafield tag="999" ind1="C" ind2="5">
    <subfield code="o">[30]</subfield>
    <subfield code="h">L. Andrianopoli, R. D’Auria, S. Ferrara</subfield>
    <subfield code="m">U invariants, black hole Entropy and fixed scalars</subfield>
    <subfield code="s">Phys. Lett B 403 (1997) 12</subfield>
    <subfield code="r">hep-th/9703156</subfield>
  </datafield>
  <datafield tag="999" ind1="C" ind2="5">
    <subfield code="o">[31]</subfield>
    <subfield code="h">B. L. Cerchiai, S. Ferrara, A. Marrani, B. Zumino</subfield>
    <subfield code="m">Duality, Entropy and ADM Mass in Supergravity,  [hep-th]</subfield>
    <subfield code="s">Phys. Rev D 79 (2009) 125010</subfield>
    <subfield code="r">arXiv:0902.3973</subfield>
  </datafield>
  <datafield tag="999" ind1="C" ind2="5">
    <subfield code="o">[32]</subfield>
    <subfield code="h">L. Borsten, M.J. Duff, S. Ferrara, A. Marrani, W. Rubens</subfield>
    <subfield code="m">Small Orbits,  [hep-th]</subfield>
    <subfield code="s">Phys. Rev D 85 (2012) 086002</subfield>
    <subfield code="r">arXiv:1108.0424</subfield>
  </datafield>
  <datafield tag="999" ind1="C" ind2="5">
    <subfield code="o">[33]</subfield>
    <subfield code="h">S. Ferrara, R. Kallosh, A. Marrani</subfield>
    <subfield code="m">Degeneration of Groups of Type E7 and Minimal Coupling in Supergravity,  [hep-th]</subfield>
    <subfield code="s">J. High Energy Phys. 1206 (2012) 074</subfield>
    <subfield code="r">arXiv:1202.1290</subfield>
  </datafield>
  <datafield tag="999" ind1="C" ind2="5">
    <subfield code="o">[34]</subfield>
    <subfield code="h">M. J. Duff, J. T. Liu and J. Rahmfeld</subfield>
    <subfield code="m">Four-dimensional String-String-String Triality</subfield>
    <subfield code="s">Nucl. Phys B 459 (1996) 125</subfield>
    <subfield code="r">hep-th/9508094</subfield>
  </datafield>
  <datafield tag="999" ind1="C" ind2="5">
    <subfield code="o">[34]</subfield>
    <subfield code="h">K. Behrndt, R. Kallosh, J. Rahmfeld, M. Shmakova and W. K. Wong</subfield>
    <subfield code="m">STU Black Holes and String Triality</subfield>
    <subfield code="s">Phys. Rev D 54 (1996) 6293</subfield>
    <subfield code="r">hep-th/9608059</subfield>
  </datafield>
  <datafield tag="999" ind1="C" ind2="5">
    <subfield code="o">[35]</subfield>
    <subfield code="h">M. Günaydin, G. Sierra and P. K. Townsend</subfield>
    <subfield code="m">Exceptional Supergravity Theories and the Magic Square</subfield>
    <subfield code="s">Phys. Lett B 133 (1983) 72</subfield>
  </datafield>
  <datafield tag="999" ind1="C" ind2="5">
    <subfield code="o">[35]</subfield>
    <subfield code="h">M. Günaydin, G. Sierra and P. K. Townsend</subfield>
    <subfield code="m">The Geometry of N = 2 Maxwell-Einstein Supergravity and Jordan Algebras</subfield>
    <subfield code="s">Nucl. Phys B 242 (1984) 244</subfield>
  </datafield>
  <datafield tag="999" ind1="C" ind2="5">
    <subfield code="o">[36]</subfield>
    <subfield code="h">M. Günaydin, O. Pavlyk</subfield>
    <subfield code="m">Quasiconformal Realizations of E6(6), E7(7), E8(8) and SO(n + 3, m + 3), N 4 Supergravity and Spherical Vectors, Adv. Theor. Math. Phys. 13 (2009),  [hep-th]</subfield>
    <subfield code="r">arXiv:0904.0784</subfield>
  </datafield>
  <datafield tag="999" ind1="C" ind2="5">
    <subfield code="o">[37]</subfield>
    <subfield code="h">A. Ceresole, S. Ferrara, A. Gnecchi, A. Marrani</subfield>
    <subfield code="m">d-Geometries Revisited,  [hep-th]</subfield>
    <subfield code="s">J. High Energy Phys. 1302 (2013) 059</subfield>
    <subfield code="r">arXiv:1210.5983</subfield>
  </datafield>
  <datafield tag="999" ind1="C" ind2="5">
    <subfield code="o">[38]</subfield>
    <subfield code="h">L. Andrianopoli, R. D’Auria and S. Ferrara</subfield>
    <subfield code="m">U -invariants, black hole Entropy and fixed scalars</subfield>
    <subfield code="s">Phys. Lett B 403 (1997) 12</subfield>
    <subfield code="r">hep-th/9703156</subfield>
  </datafield>
  <datafield tag="999" ind1="C" ind2="5">
    <subfield code="o">[38]</subfield>
    <subfield code="h">S. Ferrara, A. Gnecchi, A. Marrani</subfield>
    <subfield code="m">d = 4 Attractors, Effective Horizon Radius and Fake Supergravity,  [hep-th]</subfield>
    <subfield code="s">Phys. Rev D 78 (2008) 065003</subfield>
    <subfield code="r">arXiv:0806.3196</subfield>
  </datafield>
  <datafield tag="999" ind1="C" ind2="5">
    <subfield code="o">[38]</subfield>
    <subfield code="h">L. Andrianopoli, R. D’Auria, S. Fer-rara, P. A. Grassi and M. Trigiante</subfield>
    <subfield code="m">Exceptional N = 6 and N = 2 AdS(4) Supergrav-ity, and Zero-Center Modules,  [hep-th]</subfield>
    <subfield code="s">J. High Energy Phys. 0904 (2009) 074</subfield>
    <subfield code="r">arXiv:0810.1214</subfield>
  </datafield>
  <datafield tag="999" ind1="C" ind2="5">
    <subfield code="o">[38]</subfield>
    <subfield code="h">D. Roest and H. Samtleben</subfield>
    <subfield code="m">Twin Supergravities,  [hep-th]</subfield>
    <subfield code="s">Class. Quantum Gravity 26 (2009) 155001</subfield>
    <subfield code="r">arXiv:0904.1344</subfield>
  </datafield>
  <datafield tag="999" ind1="C" ind2="5">
    <subfield code="o">[39]</subfield>
    <subfield code="h">S. Bellucci, S. Ferrara, M. Günaydin, A. Marrani</subfield>
    <subfield code="m">Charge orbits of symmetric special geometries and attractors</subfield>
    <subfield code="s">Int. J. Mod. Phys A 21 (2006) 5043</subfield>
    <subfield code="r">hep-th/0606209</subfield>
  </datafield>
  <datafield tag="999" ind1="C" ind2="5">
    <subfield code="o">[40]</subfield>
    <subfield code="h">S. Ferrara, A. Marrani, A. Yeranyan</subfield>
    <subfield code="m">On Invariant Structures of Black Hole Charges,  [hep-th]</subfield>
    <subfield code="s">J. High Energy Phys. 1202 (2012) 071</subfield>
    <subfield code="r">arXiv:1110.4004</subfield>
  </datafield>
  <datafield tag="999" ind1="C" ind2="5">
    <subfield code="o">[41]</subfield>
    <subfield code="h">A. Ceresole, S. Ferrara, A. Gnecchi, A. Marrani</subfield>
    <subfield code="m">More on N = 8 Attractors,  [hep-th]</subfield>
    <subfield code="s">Phys. Rev D 80 (2009) 045020</subfield>
    <subfield code="r">arXiv:0904.4506</subfield>
  </datafield>
  <datafield tag="999" ind1="C" ind2="5">
    <subfield code="o">[41]</subfield>
    <subfield code="h">A. Ceresole, S. Ferrara, A. Gnecchi</subfield>
    <subfield code="m">5d/4d U-dualities and N = 8 black holes,  [hep-th]</subfield>
    <subfield code="s">Phys. Rev D 80 (2009) 125033</subfield>
    <subfield code="r">arXiv:0908.1069</subfield>
  </datafield>
  <datafield tag="999" ind1="C" ind2="5">
    <subfield code="o">[42]</subfield>
    <subfield code="h">A. Ceresole, G. Dall’Agata</subfield>
    <subfield code="m">Flow Equations for Non-BPS Extremal Black Holes</subfield>
    <subfield code="s">J. High Energy Phys. 0703 (2007) 110</subfield>
    <subfield code="r">hep-th/0702088</subfield>
  </datafield>
  <datafield tag="999" ind1="C" ind2="5">
    <subfield code="o">[43]</subfield>
    <subfield code="h">L. Andrianopoli, R. D’Auria, S. Ferrara, M.A. Lledó</subfield>
    <subfield code="m">Gauging of flat groups in four-dimensional supergravity</subfield>
    <subfield code="s">J. High Energy Phys. 0207 (2002) 010</subfield>
    <subfield code="r">hep-th/0203206</subfield>
  </datafield>
  <datafield tag="999" ind1="C" ind2="5">
    <subfield code="o">[44]</subfield>
    <subfield code="h">G. Dall’Agata, G. Inverso, M. Trigiante</subfield>
    <subfield code="m">Evidence for a family of SO(8) gauged super-gravity theories,  [hep-th]</subfield>
    <subfield code="s">Phys. Rev. Lett. 109 (2012) 201301</subfield>
    <subfield code="r">arXiv:1209.0760</subfield>
  </datafield>
  <datafield tag="999" ind1="C" ind2="5">
    <subfield code="o">[45]</subfield>
    <subfield code="h">P. Aschieri and M. Trigiante</subfield>
    <subfield code="m">in preparation</subfield>
  </datafield>
  <datafield tag="999" ind1="C" ind2="6">
    <subfield code="a">Invenio/1.1.0.139-dcc0e refextract/1.1.0.139-dcc0e-1368516675-0-43-53-57-0-0-21</subfield>
  </datafield>
</record>