
<record>
  <controlfield tag="005">20130507155023.0</controlfield>
  <datafield tag="365" ind1=" " ind2=" ">
    <subfield code="c">CAD</subfield>
    <subfield code="e">0.922491</subfield>
  </datafield>
  <datafield tag="650" ind1="1" ind2="7">
    <subfield code="b">Adjudication vs. FCA</subfield>
  </datafield>
  <datafield tag="980" ind1=" " ind2=" ">
    <subfield code="a">SUBMITTED_BIDS</subfield>
  </datafield>
  <datafield tag="859" ind1=" " ind2=" ">
    <subfield code="f">firmdemofp@gmail.com</subfield>
  </datafield>
  <datafield tag="037" ind1=" " ind2=" ">
    <subfield code="a">REPLY_DO-9999_TEST_CN-107</subfield>
  </datafield>
  <datafield tag="245" ind1=" " ind2=" ">
    <subfield code="a">DO-9999/TEST</subfield>
  </datafield>
  <datafield tag="541" ind1=" " ind2=" ">
    <subfield code="h">10</subfield>
  </datafield>
  <datafield tag="541" ind1=" " ind2=" ">
    <subfield code="9">10</subfield>
  </datafield>
  <datafield tag="541" ind1=" " ind2=" ">
    <subfield code="n">10</subfield>
  </datafield>
  <datafield tag="541" ind1=" " ind2=" ">
    <subfield code="d">YES</subfield>
  </datafield>
  <datafield tag="110" ind1=" " ind2=" ">
    <subfield code="a">Company name</subfield>
    <subfield code="g">CN</subfield>
  </datafield>
  <datafield tag="506" ind1=" " ind2=" ">
    <subfield code="m">DO-9999-TEST-Purchase [CERN]</subfield>
  </datafield>
  <datafield tag="044" ind1=" " ind2=" ">
    <subfield code="a">AF</subfield>
    <subfield code="b">100</subfield>
  </datafield>
  <datafield tag="925" ind1=" " ind2=" ">
    <subfield code="a">2013-4-25</subfield>
    <subfield code="b">2013-05-24</subfield>
  </datafield>
  <datafield tag="594" ind1=" " ind2=" ">
    <subfield code="a">alternative</subfield>
  </datafield>
</record>