
<record>
  <datafield tag="037" ind1=" " ind2=" ">
    <subfield code="a">CERN-Procurement-2011-062</subfield>
  </datafield>
  <datafield tag="041" ind1=" " ind2=" ">
    <subfield code="a">eng</subfield>
  </datafield>
  <datafield tag="245" ind1=" " ind2=" ">
    <subfield code="a">Invitation to Tender Services Technical Specification Template</subfield>
  </datafield>
  <datafield tag="260" ind1=" " ind2=" ">
    <subfield code="c">2011</subfield>
  </datafield>
  <datafield tag="269" ind1=" " ind2=" ">
    <subfield code="b">CERN</subfield>
    <subfield code="a">Geneva</subfield>
    <subfield code="c">2011-05-17</subfield>
  </datafield>
  <datafield tag="300" ind1=" " ind2=" ">
    <subfield code="a">mult. p</subfield>
  </datafield>
  <datafield tag="506" ind1=" " ind2=" ">
    <subfield code="a">cern-staff</subfield>
  </datafield>
  <datafield tag="506" ind1="1" ind2=" ">
  </datafield>
  <datafield tag="520" ind1=" " ind2=" ">
    <subfield code="a">Invitation to Tender Services Technical Specification Template</subfield>
  </datafield>
  <datafield tag="562" ind1=" " ind2=" ">
    <subfield code="c">Comments submitted after 17-06-2011 11:18</subfield>
  </datafield>
  <datafield tag="594" ind1=" " ind2=" ">
    <subfield code="a">Templates-Services</subfield>
  </datafield>
  <datafield tag="595" ind1=" " ind2=" ">
    <subfield code="a">GENSBM</subfield>
  </datafield>
  <datafield tag="710" ind1=" " ind2=" ">
    <subfield code="5">FP</subfield>
  </datafield>
  <datafield tag="856" ind1="4" ind2=" ">
    <subfield code="u">http://cdsweb.cern.ch/record/1352667/files/IT_Services_TechSpec_Template_fr_v2011-05-30.docx</subfield>
  </datafield>
  <datafield tag="859" ind1=" " ind2=" ">
    <subfield code="f">bjorn.jenssen@cern.ch</subfield>
  </datafield>
  <datafield tag="916" ind1=" " ind2=" ">
    <subfield code="s">n</subfield>
    <subfield code="w">201121</subfield>
  </datafield>
  <datafield tag="980" ind1=" " ind2=" ">
    <subfield code="a">PROCUREMENT-Templates-Services-cern-staff</subfield>
  </datafield>
</record>