
<record>
  <controlfield tag="003">SzGeCERN</controlfield>
  <controlfield tag="005">20090511163458.0</controlfield>
  <datafield tag="035" ind1=" " ind2=" ">
    <subfield code="9">SPIRES</subfield>
    <subfield code="a">8060622</subfield>
  </datafield>
  <datafield tag="041" ind1=" " ind2=" ">
    <subfield code="a">eng</subfield>
  </datafield>
  <datafield tag="100" ind1=" " ind2=" ">
    <subfield code="a">Tsyganov, A</subfield>
    <subfield code="u">CERN</subfield>
  </datafield>
  <datafield tag="245" ind1=" " ind2=" ">
    <subfield code="a">A search engine for the engineering and equipment data management system (EDMS) at CERN</subfield>
  </datafield>
  <datafield tag="260" ind1=" " ind2=" ">
    <subfield code="c">2008</subfield>
  </datafield>
  <datafield tag="520" ind1=" " ind2=" ">
    <subfield code="a">CERN, the European Laboratory for Particle Physics, located in Geneva -Switzerland, is currently building the LHC (Large Hadron Collider), a 27 km particle accelerator. The equipment life-cycle management of this project is provided by the Engineering and Equipment Data Management System (EDMS [1] [2]) Service. Using an Oracle database, it supports the management and follow-up of different kinds of documentation through the whole life cycle of the LHC project: design, manufacturing, installation, commissioning data etc... The equipment data collection phase is now slowing down and the project is getting closer to the 'As-Built' phase: the phase of the project consuming and exploring the large volumes of data stored since 1996. Searching through millions of items of information (documents, equipment parts, operations...) multiplied by dozens of points of view (operators, maintainers...) requires an efficient and flexible search engine. This paper describes the process followed by the team to implement the search engine for the LHC As-built project in the EDMS Service. The emphasis is put on the design decision to decouple the search engine from any user interface, potentially enabling other systems to also use it. Projections, algorithms, and the planned implementation are described in this paper. The implementation of the first version started in early 2007.</subfield>
  </datafield>
  <datafield tag="650" ind1="1" ind2="7">
    <subfield code="2">SzGeCERN</subfield>
    <subfield code="a">Computing and Computers</subfield>
  </datafield>
  <datafield tag="690" ind1="C" ind2=" ">
    <subfield code="a">ARTICLE</subfield>
  </datafield>
  <datafield tag="690" ind1="C" ind2=" ">
    <subfield code="a">CERN</subfield>
  </datafield>
  <datafield tag="693" ind1=" " ind2=" ">
    <subfield code="a">Not applicable</subfield>
    <subfield code="e">Not applicable</subfield>
  </datafield>
  <datafield tag="700" ind1=" " ind2=" ">
    <subfield code="a">Amérigo, S M</subfield>
    <subfield code="u">CERN</subfield>
  </datafield>
  <datafield tag="700" ind1=" " ind2=" ">
    <subfield code="a">Petit, S</subfield>
    <subfield code="u">CERN</subfield>
  </datafield>
  <datafield tag="700" ind1=" " ind2=" ">
    <subfield code="a">Pettersson, Thomas Sven</subfield>
    <subfield code="u">CERN</subfield>
  </datafield>
  <datafield tag="700" ind1=" " ind2=" ">
    <subfield code="a">Suwalska, A</subfield>
    <subfield code="u">CERN</subfield>
  </datafield>
  <datafield tag="710" ind1=" " ind2=" ">
    <subfield code="5">TS</subfield>
  </datafield>
  <datafield tag="773" ind1=" " ind2=" ">
    <subfield code="c">042029</subfield>
    <subfield code="p">J. Phys.: Conf. Ser.</subfield>
    <subfield code="v">119</subfield>
    <subfield code="y">2008</subfield>
  </datafield>
  <datafield tag="916" ind1=" " ind2=" ">
    <subfield code="s">h</subfield>
    <subfield code="w">200919</subfield>
    <subfield code="y">a2008</subfield>
  </datafield>
  <datafield tag="960" ind1=" " ind2=" ">
    <subfield code="a">13</subfield>
  </datafield>
  <datafield tag="961" ind1=" " ind2=" ">
    <subfield code="c">20110131</subfield>
    <subfield code="h">1026</subfield>
    <subfield code="l">CER01</subfield>
    <subfield code="x">20090511</subfield>
  </datafield>
  <datafield tag="962" ind1=" " ind2=" ">
    <subfield code="b">002614554</subfield>
    <subfield code="k">042029</subfield>
    <subfield code="n">victoria20070902</subfield>
  </datafield>
  <datafield tag="963" ind1=" " ind2=" ">
    <subfield code="a">PUBLIC</subfield>
  </datafield>
  <datafield tag="970" ind1=" " ind2=" ">
    <subfield code="a">002820088CER</subfield>
  </datafield>
  <datafield tag="980" ind1=" " ind2=" ">
    <subfield code="a">ARTICLE</subfield>
  </datafield>
  <datafield tag="980" ind1=" " ind2=" ">
    <subfield code="a">ConferencePaper</subfield>
  </datafield>
</record>