
<record>
  <controlfield tag="005">20101021135947.0</controlfield>
  <datafield tag="022" ind1=" " ind2=" ">
    <subfield code="a">1939-0122</subfield>
    <subfield code="b">online</subfield>
  </datafield>
  <datafield tag="041" ind1=" " ind2=" ">
    <subfield code="a">eng</subfield>
  </datafield>
  <datafield tag="044" ind1=" " ind2=" ">
    <subfield code="a">us</subfield>
  </datafield>
  <datafield tag="210" ind1=" " ind2=" ">
    <subfield code="a">Secur. Commun. Netw.</subfield>
  </datafield>
  <datafield tag="222" ind1=" " ind2=" ">
    <subfield code="a">Security and communication networks</subfield>
  </datafield>
  <datafield tag="245" ind1=" " ind2=" ">
    <subfield code="a">Security and communication networks</subfield>
  </datafield>
  <datafield tag="310" ind1=" " ind2=" ">
    <subfield code="a">bimonthly</subfield>
  </datafield>
  <datafield tag="340" ind1=" " ind2=" ">
    <subfield code="a">Online</subfield>
  </datafield>
  <datafield tag="362" ind1=" " ind2=" ">
    <subfield code="a">v 1 (2008) -</subfield>
  </datafield>
  <datafield tag="650" ind1="1" ind2="7">
    <subfield code="2">SzGeCERN</subfield>
    <subfield code="a">Computing and Computers</subfield>
  </datafield>
  <datafield tag="690" ind1="C" ind2=" ">
    <subfield code="a">PERI</subfield>
  </datafield>
  <datafield tag="856" ind1="4" ind2="1">
    <subfield code="3">v 1 (2008) -</subfield>
    <subfield code="g">current</subfield>
    <subfield code="m">Intranet</subfield>
    <subfield code="n">onlinelibrary.wiley</subfield>
    <subfield code="u">http://onlinelibrary.wiley.com/journal/10.1002/(ISSN)1939-0122</subfield>
    <subfield code="x">9</subfield>
    <subfield code="y">Electronic version</subfield>
  </datafield>
  <datafield tag="933" ind1=" " ind2=" ">
    <subfield code="a">New York, NY</subfield>
    <subfield code="b">Wiley</subfield>
  </datafield>
  <datafield tag="938" ind1=" " ind2=" ">
    <subfield code="a">06</subfield>
    <subfield code="p">c</subfield>
  </datafield>
  <datafield tag="960" ind1=" " ind2=" ">
    <subfield code="a">31</subfield>
  </datafield>
  <datafield tag="961" ind1=" " ind2=" ">
    <subfield code="c">20101021</subfield>
    <subfield code="h">1359</subfield>
    <subfield code="l">CER01</subfield>
    <subfield code="x">20101020</subfield>
  </datafield>
  <datafield tag="963" ind1=" " ind2=" ">
    <subfield code="a">PERI</subfield>
  </datafield>
  <datafield tag="970" ind1=" " ind2=" ">
    <subfield code="a">002925078CER</subfield>
  </datafield>
  <datafield tag="980" ind1=" " ind2=" ">
    <subfield code="a">PERI</subfield>
  </datafield>
</record>