
<record>
  <datafield tag="980" ind1=" " ind2=" ">
    <subfield code="a">PHOTOLAB</subfield>
  </datafield>
  <datafield tag="960" ind1=" " ind2=" ">
    <subfield code="a">81</subfield>
  </datafield>
  <datafield tag="963" ind1=" " ind2=" ">
    <subfield code="a">PUBLIC</subfield>
  </datafield>
  <datafield tag="595" ind1=" " ind2=" ">
    <subfield code="a">CERN EDS</subfield>
  </datafield>
  <datafield tag="650" ind1="1" ind2="7">
    <subfield code="2">SzGeCERN</subfield>
    <subfield code="a">Life at CERN</subfield>
  </datafield>
  <datafield tag="037" ind1=" " ind2=" ">
    <subfield code="a">CERN-GE-1003074</subfield>
  </datafield>
  <datafield tag="041" ind1=" " ind2=" ">
    <subfield code="a">eng</subfield>
  </datafield>
  <datafield tag="245" ind1=" " ind2=" ">
    <subfield code="a">During the event of LHC first physics on March 30th 2010, physicists from both ATLAS and CMS collaboration gather in the atrium of building 40 at CERN to celebrate.</subfield>
  </datafield>
  <datafield tag="100" ind1=" " ind2=" ">
    <subfield code="a">Arie Van Praag</subfield>
  </datafield>
  <datafield tag="269" ind1=" " ind2=" ">
    <subfield code="c">30 Mar 2010</subfield>
  </datafield>
  <datafield tag="340" ind1=" " ind2=" ">
    <subfield code="a">DIGITAL</subfield>
  </datafield>
  <datafield tag="542" ind1=" " ind2=" ">
    <subfield code="d">CERN</subfield>
    <subfield code="g">2010</subfield>
  </datafield>
  <datafield tag="859" ind1=" " ind2=" ">
    <subfield code="f">claudia.marcelloni@cern.ch</subfield>
  </datafield>
  <datafield tag="260" ind1=" " ind2=" ">
    <subfield code="c">2010</subfield>
  </datafield>
  <datafield tag="903" ind1=" " ind2=" ">
    <subfield code="s">public</subfield>
  </datafield>
  <datafield tag="923" ind1=" " ind2=" ">
    <subfield code="r">c.marcelloni &lt;claudia.marcelloni@cern.ch></subfield>
  </datafield>
  <datafield tag="924" ind1=" " ind2=" ">
    <subfield code="b">01</subfield>
  </datafield>
  <datafield tag="856" ind1="7" ind2=" ">
    <subfield code="8">01</subfield>
    <subfield code="2">MediaArchive</subfield>
    <subfield code="d">\\cern.ch\dfs\Services\MediaArchive\Photo\Masters\2010\1003074\1003074_01.jpg</subfield>
    <subfield code="x">Absolute master path</subfield>
  </datafield>
  <datafield tag="856" ind1="7" ind2=" ">
    <subfield code="y">A4 at 144 dpi</subfield>
    <subfield code="8">01</subfield>
    <subfield code="2">MediaArchive</subfield>
    <subfield code="u">http://mediaarchive.cern.ch/MediaArchive/Photo/Public/2010/1003074/1003074_01/1003074_01-A4-at-144-dpi.jpg</subfield>
    <subfield code="x">jpgA4</subfield>
  </datafield>
  <datafield tag="856" ind1="7" ind2=" ">
    <subfield code="y">A5 at 72 dpi</subfield>
    <subfield code="8">01</subfield>
    <subfield code="2">MediaArchive</subfield>
    <subfield code="u">http://mediaarchive.cern.ch/MediaArchive/Photo/Public/2010/1003074/1003074_01/1003074_01-A5-at-72-dpi.jpg</subfield>
    <subfield code="x">jpgA5</subfield>
  </datafield>
  <datafield tag="856" ind1="7" ind2=" ">
    <subfield code="y">Icon</subfield>
    <subfield code="8">01</subfield>
    <subfield code="2">MediaArchive</subfield>
    <subfield code="u">http://mediaarchive.cern.ch/MediaArchive/Photo/Public/2010/1003074/1003074_01/1003074_01-Icon.jpg</subfield>
    <subfield code="x">jpgIcon</subfield>
  </datafield>
  <datafield tag="856" ind1="7" ind2=" ">
    <subfield code="8">04</subfield>
    <subfield code="2">MediaArchive</subfield>
    <subfield code="d">\\cern.ch\dfs\Services\MediaArchive\Photo\Masters\2010\1003074\1003074_04.jpg</subfield>
    <subfield code="x">Absolute master path</subfield>
  </datafield>
  <datafield tag="856" ind1="7" ind2=" ">
    <subfield code="y">A4 at 144 dpi</subfield>
    <subfield code="8">04</subfield>
    <subfield code="2">MediaArchive</subfield>
    <subfield code="u">http://mediaarchive.cern.ch/MediaArchive/Photo/Public/2010/1003074/1003074_04/1003074_04-A4-at-144-dpi.jpg</subfield>
    <subfield code="x">jpgA4</subfield>
  </datafield>
  <datafield tag="856" ind1="7" ind2=" ">
    <subfield code="y">A5 at 72 dpi</subfield>
    <subfield code="8">04</subfield>
    <subfield code="2">MediaArchive</subfield>
    <subfield code="u">http://mediaarchive.cern.ch/MediaArchive/Photo/Public/2010/1003074/1003074_04/1003074_04-A5-at-72-dpi.jpg</subfield>
    <subfield code="x">jpgA5</subfield>
  </datafield>
  <datafield tag="856" ind1="7" ind2=" ">
    <subfield code="y">Icon</subfield>
    <subfield code="8">04</subfield>
    <subfield code="2">MediaArchive</subfield>
    <subfield code="u">http://mediaarchive.cern.ch/MediaArchive/Photo/Public/2010/1003074/1003074_04/1003074_04-Icon.jpg</subfield>
    <subfield code="x">jpgIcon</subfield>
  </datafield>
  <datafield tag="856" ind1="7" ind2=" ">
    <subfield code="8">02</subfield>
    <subfield code="2">MediaArchive</subfield>
    <subfield code="d">\\cern.ch\dfs\Services\MediaArchive\Photo\Masters\2010\1003074\1003074_02.jpg</subfield>
    <subfield code="x">Absolute master path</subfield>
  </datafield>
  <datafield tag="856" ind1="7" ind2=" ">
    <subfield code="y">A4 at 144 dpi</subfield>
    <subfield code="8">02</subfield>
    <subfield code="2">MediaArchive</subfield>
    <subfield code="u">http://mediaarchive.cern.ch/MediaArchive/Photo/Public/2010/1003074/1003074_02/1003074_02-A4-at-144-dpi.jpg</subfield>
    <subfield code="x">jpgA4</subfield>
  </datafield>
  <datafield tag="856" ind1="7" ind2=" ">
    <subfield code="y">A5 at 72 dpi</subfield>
    <subfield code="8">02</subfield>
    <subfield code="2">MediaArchive</subfield>
    <subfield code="u">http://mediaarchive.cern.ch/MediaArchive/Photo/Public/2010/1003074/1003074_02/1003074_02-A5-at-72-dpi.jpg</subfield>
    <subfield code="x">jpgA5</subfield>
  </datafield>
  <datafield tag="856" ind1="7" ind2=" ">
    <subfield code="y">Icon</subfield>
    <subfield code="8">02</subfield>
    <subfield code="2">MediaArchive</subfield>
    <subfield code="u">http://mediaarchive.cern.ch/MediaArchive/Photo/Public/2010/1003074/1003074_02/1003074_02-Icon.jpg</subfield>
    <subfield code="x">jpgIcon</subfield>
  </datafield>
  <datafield tag="856" ind1="7" ind2=" ">
    <subfield code="8">06</subfield>
    <subfield code="2">MediaArchive</subfield>
    <subfield code="d">\\cern.ch\dfs\Services\MediaArchive\Photo\Masters\2010\1003074\1003074_06.jpg</subfield>
    <subfield code="x">Absolute master path</subfield>
  </datafield>
  <datafield tag="856" ind1="7" ind2=" ">
    <subfield code="y">A4 at 144 dpi</subfield>
    <subfield code="8">06</subfield>
    <subfield code="2">MediaArchive</subfield>
    <subfield code="u">http://mediaarchive.cern.ch/MediaArchive/Photo/Public/2010/1003074/1003074_06/1003074_06-A4-at-144-dpi.jpg</subfield>
    <subfield code="x">jpgA4</subfield>
  </datafield>
  <datafield tag="856" ind1="7" ind2=" ">
    <subfield code="y">A5 at 72 dpi</subfield>
    <subfield code="8">06</subfield>
    <subfield code="2">MediaArchive</subfield>
    <subfield code="u">http://mediaarchive.cern.ch/MediaArchive/Photo/Public/2010/1003074/1003074_06/1003074_06-A5-at-72-dpi.jpg</subfield>
    <subfield code="x">jpgA5</subfield>
  </datafield>
  <datafield tag="856" ind1="7" ind2=" ">
    <subfield code="y">Icon</subfield>
    <subfield code="8">06</subfield>
    <subfield code="2">MediaArchive</subfield>
    <subfield code="u">http://mediaarchive.cern.ch/MediaArchive/Photo/Public/2010/1003074/1003074_06/1003074_06-Icon.jpg</subfield>
    <subfield code="x">jpgIcon</subfield>
  </datafield>
  <datafield tag="856" ind1="7" ind2=" ">
    <subfield code="8">05</subfield>
    <subfield code="2">MediaArchive</subfield>
    <subfield code="d">\\cern.ch\dfs\Services\MediaArchive\Photo\Masters\2010\1003074\1003074_05.jpg</subfield>
    <subfield code="x">Absolute master path</subfield>
  </datafield>
  <datafield tag="856" ind1="7" ind2=" ">
    <subfield code="y">A4 at 144 dpi</subfield>
    <subfield code="8">05</subfield>
    <subfield code="2">MediaArchive</subfield>
    <subfield code="u">http://mediaarchive.cern.ch/MediaArchive/Photo/Public/2010/1003074/1003074_05/1003074_05-A4-at-144-dpi.jpg</subfield>
    <subfield code="x">jpgA4</subfield>
  </datafield>
  <datafield tag="856" ind1="7" ind2=" ">
    <subfield code="y">A5 at 72 dpi</subfield>
    <subfield code="8">05</subfield>
    <subfield code="2">MediaArchive</subfield>
    <subfield code="u">http://mediaarchive.cern.ch/MediaArchive/Photo/Public/2010/1003074/1003074_05/1003074_05-A5-at-72-dpi.jpg</subfield>
    <subfield code="x">jpgA5</subfield>
  </datafield>
  <datafield tag="856" ind1="7" ind2=" ">
    <subfield code="y">Icon</subfield>
    <subfield code="8">05</subfield>
    <subfield code="2">MediaArchive</subfield>
    <subfield code="u">http://mediaarchive.cern.ch/MediaArchive/Photo/Public/2010/1003074/1003074_05/1003074_05-Icon.jpg</subfield>
    <subfield code="x">jpgIcon</subfield>
  </datafield>
  <datafield tag="856" ind1="7" ind2=" ">
    <subfield code="8">07</subfield>
    <subfield code="2">MediaArchive</subfield>
    <subfield code="d">\\cern.ch\dfs\Services\MediaArchive\Photo\Masters\2010\1003074\1003074_07.jpg</subfield>
    <subfield code="x">Absolute master path</subfield>
  </datafield>
  <datafield tag="856" ind1="7" ind2=" ">
    <subfield code="y">A4 at 144 dpi</subfield>
    <subfield code="8">07</subfield>
    <subfield code="2">MediaArchive</subfield>
    <subfield code="u">http://mediaarchive.cern.ch/MediaArchive/Photo/Public/2010/1003074/1003074_07/1003074_07-A4-at-144-dpi.jpg</subfield>
    <subfield code="x">jpgA4</subfield>
  </datafield>
  <datafield tag="856" ind1="7" ind2=" ">
    <subfield code="y">A5 at 72 dpi</subfield>
    <subfield code="8">07</subfield>
    <subfield code="2">MediaArchive</subfield>
    <subfield code="u">http://mediaarchive.cern.ch/MediaArchive/Photo/Public/2010/1003074/1003074_07/1003074_07-A5-at-72-dpi.jpg</subfield>
    <subfield code="x">jpgA5</subfield>
  </datafield>
  <datafield tag="856" ind1="7" ind2=" ">
    <subfield code="y">Icon</subfield>
    <subfield code="8">07</subfield>
    <subfield code="2">MediaArchive</subfield>
    <subfield code="u">http://mediaarchive.cern.ch/MediaArchive/Photo/Public/2010/1003074/1003074_07/1003074_07-Icon.jpg</subfield>
    <subfield code="x">jpgIcon</subfield>
  </datafield>
  <datafield tag="856" ind1="7" ind2=" ">
    <subfield code="8">08</subfield>
    <subfield code="2">MediaArchive</subfield>
    <subfield code="d">\\cern.ch\dfs\Services\MediaArchive\Photo\Masters\2010\1003074\1003074_08.jpg</subfield>
    <subfield code="x">Absolute master path</subfield>
  </datafield>
  <datafield tag="856" ind1="7" ind2=" ">
    <subfield code="y">A4 at 144 dpi</subfield>
    <subfield code="8">08</subfield>
    <subfield code="2">MediaArchive</subfield>
    <subfield code="u">http://mediaarchive.cern.ch/MediaArchive/Photo/Public/2010/1003074/1003074_08/1003074_08-A4-at-144-dpi.jpg</subfield>
    <subfield code="x">jpgA4</subfield>
  </datafield>
  <datafield tag="856" ind1="7" ind2=" ">
    <subfield code="y">A5 at 72 dpi</subfield>
    <subfield code="8">08</subfield>
    <subfield code="2">MediaArchive</subfield>
    <subfield code="u">http://mediaarchive.cern.ch/MediaArchive/Photo/Public/2010/1003074/1003074_08/1003074_08-A5-at-72-dpi.jpg</subfield>
    <subfield code="x">jpgA5</subfield>
  </datafield>
  <datafield tag="856" ind1="7" ind2=" ">
    <subfield code="y">Icon</subfield>
    <subfield code="8">08</subfield>
    <subfield code="2">MediaArchive</subfield>
    <subfield code="u">http://mediaarchive.cern.ch/MediaArchive/Photo/Public/2010/1003074/1003074_08/1003074_08-Icon.jpg</subfield>
    <subfield code="x">jpgIcon</subfield>
  </datafield>
  <datafield tag="856" ind1="7" ind2=" ">
    <subfield code="8">09</subfield>
    <subfield code="2">MediaArchive</subfield>
    <subfield code="d">\\cern.ch\dfs\Services\MediaArchive\Photo\Masters\2010\1003074\1003074_09.jpg</subfield>
    <subfield code="x">Absolute master path</subfield>
  </datafield>
  <datafield tag="856" ind1="7" ind2=" ">
    <subfield code="y">A4 at 144 dpi</subfield>
    <subfield code="8">09</subfield>
    <subfield code="2">MediaArchive</subfield>
    <subfield code="u">http://mediaarchive.cern.ch/MediaArchive/Photo/Public/2010/1003074/1003074_09/1003074_09-A4-at-144-dpi.jpg</subfield>
    <subfield code="x">jpgA4</subfield>
  </datafield>
  <datafield tag="856" ind1="7" ind2=" ">
    <subfield code="y">A5 at 72 dpi</subfield>
    <subfield code="8">09</subfield>
    <subfield code="2">MediaArchive</subfield>
    <subfield code="u">http://mediaarchive.cern.ch/MediaArchive/Photo/Public/2010/1003074/1003074_09/1003074_09-A5-at-72-dpi.jpg</subfield>
    <subfield code="x">jpgA5</subfield>
  </datafield>
  <datafield tag="856" ind1="7" ind2=" ">
    <subfield code="y">Icon</subfield>
    <subfield code="8">09</subfield>
    <subfield code="2">MediaArchive</subfield>
    <subfield code="u">http://mediaarchive.cern.ch/MediaArchive/Photo/Public/2010/1003074/1003074_09/1003074_09-Icon.jpg</subfield>
    <subfield code="x">jpgIcon</subfield>
  </datafield>
  <datafield tag="856" ind1="7" ind2=" ">
    <subfield code="2">MediaArchive</subfield>
    <subfield code="8">03</subfield>
    <subfield code="d">\\cern.ch\dfs\Services\MediaArchive\Photo\Masters\2010\1003074\1003074_03.jpg</subfield>
    <subfield code="x">Absolute master path</subfield>
  </datafield>
  <datafield tag="856" ind1="7" ind2=" ">
    <subfield code="2">MediaArchive</subfield>
    <subfield code="8">03</subfield>
    <subfield code="u">http://mediaarchive.cern.ch/MediaArchive/Photo/Public/2010/1003074/1003074_03/1003074_03-A4-at-144-dpi.jpg</subfield>
    <subfield code="x">jpgA4</subfield>
    <subfield code="y">A4 at 144 dpi</subfield>
  </datafield>
  <datafield tag="856" ind1="7" ind2=" ">
    <subfield code="2">MediaArchive</subfield>
    <subfield code="8">03</subfield>
    <subfield code="u">http://mediaarchive.cern.ch/MediaArchive/Photo/Public/2010/1003074/1003074_03/1003074_03-A5-at-72-dpi.jpg</subfield>
    <subfield code="x">jpgA5</subfield>
    <subfield code="y">A5 at 72 dpi</subfield>
  </datafield>
  <datafield tag="856" ind1="7" ind2=" ">
    <subfield code="2">MediaArchive</subfield>
    <subfield code="8">03</subfield>
    <subfield code="u">http://mediaarchive.cern.ch/MediaArchive/Photo/Public/2010/1003074/1003074_03/1003074_03-Icon.jpg</subfield>
    <subfield code="x">jpgIcon</subfield>
    <subfield code="y">Icon</subfield>
  </datafield>
  <datafield tag="653" ind1="1" ind2=" ">
    <subfield code="a">ATLAS</subfield>
    <subfield code="9">CERN</subfield>
  </datafield>
  <datafield tag="653" ind1="1" ind2=" ">
    <subfield code="a">CMS</subfield>
    <subfield code="9">CERN</subfield>
  </datafield>
  <datafield tag="653" ind1="1" ind2=" ">
    <subfield code="a">LHCfirstphysics</subfield>
    <subfield code="9">CERN</subfield>
  </datafield>
  <datafield tag="653" ind1="1" ind2=" ">
    <subfield code="a">march</subfield>
    <subfield code="9">CERN</subfield>
  </datafield>
  <datafield tag="653" ind1="1" ind2=" ">
    <subfield code="a">30th</subfield>
    <subfield code="9">CERN</subfield>
  </datafield>
  <datafield tag="653" ind1="1" ind2=" ">
    <subfield code="a">media</subfield>
    <subfield code="9">CERN</subfield>
  </datafield>
  <datafield tag="653" ind1="1" ind2=" ">
    <subfield code="a">day</subfield>
    <subfield code="9">CERN</subfield>
  </datafield>
  <datafield tag="653" ind1="2" ind2=" ">
    <subfield code="a">CMS</subfield>
    <subfield code="9">CERN</subfield>
  </datafield>
  <datafield tag="653" ind1="2" ind2=" ">
    <subfield code="a">ATLAS</subfield>
    <subfield code="9">CERN</subfield>
  </datafield>
  <datafield tag="653" ind1="2" ind2=" ">
    <subfield code="a">batiment 40</subfield>
    <subfield code="9">CERN</subfield>
  </datafield>
</record>