
<record>
  <datafield tag="693" ind1=" " ind2=" ">
    <subfield code="a">CERN LHC</subfield>
    <subfield code="e">ATLAS</subfield>
  </datafield>
  <datafield tag="690" ind1="C" ind2=" ">
    <subfield code="a">CERN</subfield>
  </datafield>
  <datafield tag="500" ind1=" " ind2=" ">
    <subfield code="a">Additional ATLAS internal supportive material can be found at: http://cdsweb.cern.ch/record/1328275/ Please enter your comments on CDS by                      Wednesday June 22 The open presentation will tentatively be held on Thursday, June 22 depending if a slot in the ATLAS week can be found. Please note that the paper contains also an appendix with supplementary plots that can be shown at conferences etc. During the presentation the collaboration will be asked to approve the plots in the paper as preliminary.</subfield>
  </datafield>
  <datafield tag="773" ind1=" " ind2=" ">
    <subfield code="p">24</subfield>
  </datafield>
  <datafield tag="980" ind1=" " ind2=" ">
    <subfield code="a">ATLASPUBDRAFTOBSOLETE</subfield>
  </datafield>
  <datafield tag="856" ind1="4" ind2=" ">
    <subfield code="u">http://cdsweb.cern.ch/record/1358873/files/hcs.pdf</subfield>
    <subfield code="y">Fulltext</subfield>
  </datafield>
  <datafield tag="856" ind1="4" ind2=" ">
    <subfield code="u">http://cdsweb.cern.ch/submit/direct?ATLCOM_DOC_RN=ATLAS-HIGG-2011-03-001&amp;sub=SBIATLCOM</subfield>
    <subfield code="y">Submit a comment</subfield>
  </datafield>
  <datafield tag="859" ind1=" " ind2=" ">
    <subfield code="f">klaus.moenig@cern.ch</subfield>
  </datafield>
  <datafield tag="245" ind1=" " ind2=" ">
    <subfield code="a">Search for a light charged Higgs boson decaying to csbar in pp collisions at sqrt(s) = 7 TeV</subfield>
  </datafield>
  <datafield tag="260" ind1=" " ind2=" ">
    <subfield code="c">2011</subfield>
  </datafield>
  <datafield tag="520" ind1=" " ind2=" ">
    <subfield code="a">We present the search results for a light charged Higgs boson produced in top quark decays and decaying into two jets in pp collisions at sqrt(s) = 7 TeV with the ATLAS detector. The analysis uses a data sample collected during 2010, corresponding to an integrated luminosity of 35 pb^-1. The search is based on the semi-leptonic decay channel of ttbar candidates and analyzes the invariant mass distribution of two jets in the nal state. The data are found to be in good agreement with the expectation from the Standard Model background processes and 95% upper limits are set on the decay branching ratio of top quarks to charged Higgs bosons that decay into csbar/cbars</subfield>
  </datafield>
  <datafield tag="110" ind1=" " ind2=" ">
    <subfield code="a">ATLAS Collaboration</subfield>
  </datafield>
  <datafield tag="650" ind1="1" ind2="7">
    <subfield code="2">SzGeCERN</subfield>
    <subfield code="a">Particle Physics - Experiment</subfield>
  </datafield>
  <datafield tag="400" ind1=" " ind2=" ">
    <subfield code="a">yes</subfield>
    <subfield code="b">yes</subfield>
  </datafield>
  <datafield tag="506" ind1=" " ind2=" ">
    <subfield code="m">atlas-physics-readers [CERN]</subfield>
  </datafield>
  <datafield tag="269" ind1=" " ind2=" ">
    <subfield code="a">Geneva</subfield>
    <subfield code="b">CERN</subfield>
    <subfield code="c">15 Jun 2011</subfield>
  </datafield>
  <datafield tag="710" ind1=" " ind2=" ">
    <subfield code="g">ATLAS Collaboration</subfield>
  </datafield>
  <datafield tag="710" ind1=" " ind2=" ">
    <subfield code="5">PH-EP</subfield>
  </datafield>
  <datafield tag="037" ind1=" " ind2=" ">
    <subfield code="a">ATLAS-HIGG-2011-03-001</subfield>
  </datafield>
  <datafield tag="041" ind1=" " ind2=" ">
    <subfield code="a">eng</subfield>
  </datafield>
  <datafield tag="925" ind1=" " ind2=" ">
    <subfield code="b">22 Jun 2011</subfield>
  </datafield>
</record>