
<record>
  <datafield tag="037" ind1=" " ind2=" ">
    <subfield code="a">CMS-TOP-11-004-001-COMMENT-005</subfield>
  </datafield>
  <datafield tag="100" ind1=" " ind2=" ">
    <subfield code="a">Sijin Qian</subfield>
  </datafield>
  <datafield tag="245" ind1=" " ind2=" ">
    <subfield code="a">Measurement of the ttbar production cross section in the tau+jets channel in pp collisions at sqrt(s)=7 TeV</subfield>
  </datafield>
  <datafield tag="260" ind1=" " ind2=" ">
    <subfield code="c">2012</subfield>
  </datafield>
  <datafield tag="269" ind1=" " ind2=" ">
    <subfield code="b">CERN</subfield>
    <subfield code="a">Geneva</subfield>
    <subfield code="c">25 Oct 2012</subfield>
  </datafield>
  <datafield tag="500" ind1=" " ind2=" ">
    <subfield code="a">&lt;!--HTML-->&lt;p> Dear TOP-11-004 editors:&lt;/p> &lt;p> &amp;nbsp;&amp;nbsp;&amp;nbsp;&amp;nbsp;&amp;nbsp;&amp;nbsp;&amp;nbsp;&amp;nbsp; It&amp;#39;s nice to see this interesting paper having gone into the almost final stage. I have roughly read through the TOP-11-004-paper-v5.pdf, and would have some (large and small) questions and comments from a non-expert&amp;#39;s point of view. I list them below, please make a note of it if any of them would be sound.&lt;/p> &lt;p> &amp;nbsp;&amp;nbsp;&amp;nbsp;&amp;nbsp;&amp;nbsp;&amp;nbsp;&amp;nbsp;&amp;nbsp; In case that these comments would not be displayed well, a simple text file is attached with the identical content.&lt;/p> &lt;p> &amp;nbsp;&amp;nbsp;&amp;nbsp;&amp;nbsp;&amp;nbsp;&amp;nbsp;&amp;nbsp;&amp;nbsp; Thank you and looking forward to hearing from you.&lt;/p> &lt;p> -Sijin&lt;/p> &lt;p> --------------------------- begin --------------------------&lt;/p> &lt;p> Page 0, in Abstract&lt;/p> &lt;p> (1) The 1st line, I&amp;#39;m not sure whether it would sound better if some words are swapped, i.e.&lt;br /> &amp;quot;the top-quark pair production cross section&amp;quot; --&amp;gt;&lt;br /> &amp;quot;the cross section of top-quark pair production&amp;quot; or&lt;br /> &amp;quot;the production cross section of top-quark pair&amp;quot;&lt;/p> &lt;p> &lt;br /> (2) The 1st-3rd lines, this long sentence has a big head which may become smaller if to swap some words (including the suggestion of the item (1) above), i.e.&lt;/p> &lt;p> &amp;quot;A measurement of the top-quark pair production cross section&lt;br /> in proton-proton collisions ...&lt;br /> at the Large Hadron Collider is presented.&amp;quot; --&amp;gt;&lt;/p> &lt;p> &amp;quot;A measurement is presented for the production cross section of top-quark pair in proton-proton collisions ...&lt;br /> at the Large Hadron Collider.&amp;quot;&lt;/p> &lt;p> &amp;nbsp;&lt;/p> &lt;p> Page 1&lt;/p> &lt;p> (3) L2, the &amp;quot;LHC&amp;quot; may should be explained at its 1st appearance in text here, i.e.&lt;br /> &amp;quot;are copiously produced at the LHC ...&amp;quot;&lt;br /> &amp;quot;are copiously produced at the Large Hadron Collider (LHC) ...&amp;quot;&lt;/p> &lt;p> &lt;br /> (4) L7, the expression of &amp;quot;a b quark&amp;quot; is looked quite odd. It seems looked much better if to change from&lt;br /> &amp;quot;a b quark&amp;quot; --&amp;gt;&lt;br /> &amp;quot;a bottom quark&amp;quot;&lt;/p> &lt;p> &lt;br /> (5) L10, I&amp;#39;m not sure whether an article word of &amp;quot;a&amp;quot; is missing or not, i.e.&lt;br /> &amp;quot;decays into a hadronically decaying tau lepton (tauh) and neutrino with&lt;br /> ...&amp;quot; --&amp;gt;&lt;br /> &amp;quot;decays into a hadronically decaying tau lepton (tauh) and a neutrino with ...&amp;quot;&lt;/p> &lt;p> &lt;br /> (6) L21, similar as the item (3) above, the &amp;quot;CMS&amp;quot; may should be explained at its 1st appearance in text here,&lt;br /> &amp;quot;with the CMS detector is described in Ref. [2].&amp;quot; --&amp;gt;&lt;br /> &amp;quot;with the Compact Muon Solenoid (CMS) detector is described in Ref. [2].&amp;quot;&lt;/p> &lt;p> &lt;br /> (7) L30, as the &amp;quot;ECAL&amp;quot; and &amp;quot;HCAL&amp;quot; have never been used afterward in whole paper, they eventually can be removed, i.e.&lt;br /> &amp;quot;the crystal electromagnetic (ECAL) and brass/scintillator hadronic (HCAL)&amp;quot; --&amp;gt;&lt;br /> &amp;quot;the crystal electromagnetic and brass/scintillator hadronic&amp;quot;&lt;/p> &lt;p> &lt;br /> (8) L34, the pT should be explained at its 1st appearance in text here, i.e.&lt;br /> &amp;quot;and transverse momentum resolution of ~1.5% ...&amp;quot; --&amp;gt;&lt;br /> &amp;quot;and transverse momentum (pT) resolution of ~1.5% ...&amp;quot;&lt;/p> &lt;p> &amp;nbsp;&lt;/p> &lt;p> (9) L37 and L47, as both Sections 3 and 4 are very short, it seems that they may be combined into one Section and L47 can be removed, i.e.&lt;/p> &lt;p> &amp;quot;3 Event simulation&amp;quot; --&amp;gt;&lt;br /> &amp;quot;3 Event simulation and data set&amp;quot;&lt;/p> &lt;p> If so, all Section sequences afterward should be modified accordingly.&lt;/p> &lt;p> &amp;nbsp;&lt;/p> &lt;p> Page 2&lt;/p> &lt;p> (10) L67, similar as the item (8) above, the &amp;quot;phi&amp;quot; should be explained at its 1st appearance in text here; also as the numerical values of the angle phi&lt;br /> have been implicitly shown on this line, and an angle can be measured in either the radians or degrees, therefore, the unit of phi should be specified as&lt;br /> &amp;quot;sqrt(...) = 0.5 around the tau candidate ...&amp;quot; --&amp;gt;&lt;br /> &amp;quot;sqrt(...) = 0.5 (where phi is the azimuthal angle in radians) around the tau candidate ...&amp;quot;&lt;/p> &lt;p> &amp;nbsp;&lt;/p> &lt;p> (11) L79 and L80, two spaces may be better to be added after the signs of &amp;quot;&amp;gt;&amp;quot;, i.e.&lt;br /> &amp;quot;pT(tauh) &amp;gt;45GeV, ... to have pT &amp;gt;20GeV.&amp;quot; --&amp;gt;&lt;br /> &amp;quot;pT(tauh) &amp;gt;&amp;nbsp; 45GeV, ... to have pT &amp;gt;&amp;nbsp; 20GeV.&amp;quot;&lt;/p> &lt;p> &amp;nbsp;&lt;/p> &lt;p> Page 3&lt;/p> &lt;p> (12) L86, to be consistent with all other CMS papers, the &amp;quot;Sect.&amp;quot; should be spelled out, i.e.&lt;br /> &amp;quot;described in Sect. 6.&amp;quot; --&amp;gt;&lt;br /> &amp;quot;described in Section 6.&amp;quot;&lt;/p> &lt;p> &lt;br /> (13) In the Footnote 1,&lt;/p> &lt;p> &amp;nbsp; (a) I&amp;#39;m not sure whether the 1st word should be capitalized and whether a space should be put before the 1st word, i.e.&lt;/p> &lt;p> &amp;quot;1aplanarity: A =&amp;quot; --&amp;gt;&lt;br /> &amp;quot;1&amp;nbsp; Aplanarity: A =&amp;quot;&lt;/p> &lt;p> &lt;br /> &amp;nbsp; (b) There may should be a period at the end of footnote, i.e.&lt;br /> &amp;quot;components of the momentum&amp;quot; --&amp;gt;&lt;br /> &amp;quot;components of the momentum.&amp;quot;&lt;/p> &lt;p> The Footnote 2 should have an end period too.&lt;/p> &lt;p> &amp;nbsp;&lt;/p> &lt;p> Page 5&lt;/p> &lt;p> (14) Figs. 1 and 2, at the top lines above each plots, the square-root signs miss the horizontal bars above the letters of &amp;quot;s&amp;quot;. They should be added.&lt;/p> &lt;p> &amp;nbsp;&lt;/p> &lt;p> Page 6&lt;/p> &lt;p> (15) Table 2, its location may be better to be moved to Page 7 since its 1st citation is on L188 in Page 7.&lt;/p> &lt;p> &amp;nbsp;&lt;/p> &lt;p> Page 7&lt;/p> &lt;p> (16) L187, a reference for the 2.2% uncertainty may should be given, i.e.&lt;br /> &amp;quot;The uncertainty on the luminosity measurement is estimated to be 2.2 %.&amp;quot; --&amp;gt;&lt;br /> &amp;quot;The uncertainty on the luminosity measurement is estimated to be 2.2 % [xx].&amp;quot;&lt;/p> &lt;p> where [xx] is&lt;br /> &amp;gt; &amp;quot;CMS Collaboration, &amp;ldquo;Absolute Calibration of the Luminosity&lt;br /> &amp;gt; Measurement at CMS: Winter 2012 Update&amp;rdquo;, CMS Physics Analysis&lt;br /> &amp;gt; Summary CMS-PAS-SMP-12-008 (2011).&amp;quot;&lt;/p> &lt;p> &amp;nbsp;&lt;/p> &lt;p> (17) L195, I&amp;#39;m not sure whether the &amp;quot;table&amp;quot; should be capitalized or not, i.e.&lt;br /> &amp;quot;reported in table 2 and ...&amp;quot; --&amp;gt;&lt;br /> &amp;quot;reported in Table 2 and ...&amp;quot;&lt;/p> &lt;p> &amp;nbsp;&lt;/p> &lt;p> (18) L208, according to the common practice in all CMS papers, the Acknowledgment Section does not need a Section Index number, i.e.&lt;/p> &lt;p> &amp;quot;9 Acknowledgements&amp;quot; --&amp;gt;&lt;br /> &amp;quot;Acknowledgements&amp;quot;&lt;/p> &lt;p> &amp;nbsp;&lt;/p> &lt;p> Pages 8-9, in the References Section,&lt;/p> &lt;p> (19) L230, in [1], an extra &amp;quot;G&amp;quot; should be removed, i.e.&lt;br /> &amp;quot;J. Phys. G G37 (2010)&amp;quot; --&amp;gt;&lt;br /> &amp;quot;J. Phys. G37 (2010)&amp;quot;&lt;/p> &lt;p> &amp;nbsp;&lt;/p> &lt;p> (20) L239, in [4], a pair of bracket seems missing, i.e.&lt;br /> &amp;quot;collisions at sqrts = 1.96 TeV&amp;quot; --&amp;gt;&lt;br /> &amp;quot;collisions at sqrt(s) = 1.96 TeV&amp;quot;&lt;/p> &lt;p> &amp;nbsp;&lt;/p> &lt;p> (21) L246, in [7],&lt;br /> &amp;quot;[7] T. Sjostrand&amp;quot; --&amp;gt;&lt;br /> &amp;quot;[7] T. Sjo(with two dots on the top of &amp;quot;o&amp;quot;)strand&amp;quot;&lt;/p> &lt;p> &amp;nbsp;&lt;/p> &lt;p> (22) For the consistency in this Section, all references should have only&lt;br /> one page number instead of two, the ones which need to be modified are [8], [13] and [16].&lt;/p> &lt;p> &amp;nbsp;&lt;/p> &lt;p> (23) L257, in [11], to be consistent in this Section, an extra &amp;quot;The&amp;quot; at the beginning should be removed, i.e.&lt;br /> &amp;quot;[11] The CMS collaboration,&amp;quot; --&amp;gt;&lt;br /> &amp;quot;[11] CMS collaboration,&amp;quot;&lt;/p> &lt;p> Other ones which need to be similarly modified are [15] and [18].&lt;/p> &lt;p> &amp;nbsp;&lt;/p> &lt;p> (24) L267, in [15], to be consistent in this article title, the &amp;quot;Jet&amp;quot; may should be in the lower case, i.e.&lt;br /> &amp;quot;Performance of b-Jet identification in CMS&amp;quot; --&amp;gt;&lt;br /> &amp;quot;Performance of b-jet identification in CMS&amp;quot;&lt;/p> &lt;p> --------------------------- end --------------------------&lt;/p></subfield>
  </datafield>
  <datafield tag="773" ind1=" " ind2=" ">
    <subfield code="n">CMS-TOP-11-004-001</subfield>
  </datafield>
  <datafield tag="774" ind1=" " ind2=" ">
    <subfield code="a">0005</subfield>
    <subfield code="b">0</subfield>
    <subfield code="c">75</subfield>
  </datafield>
  <datafield tag="787" ind1=" " ind2=" ">
    <subfield code="i">Base Document</subfield>
    <subfield code="r">http://cdsweb.cern.ch/record/1484642</subfield>
  </datafield>
  <datafield tag="856" ind1="4" ind2=" ">
    <subfield code="u">/submit/direct?CMSCMC_COMM_RNIN=CMS-TOP-11-004-001-COMMENT-005&amp;sub=SBICMSCMC</subfield>
    <subfield code="y">Submit a comment on this comment</subfield>
  </datafield>
  <datafield tag="856" ind1="4" ind2=" ">
    <subfield code="u">/submit/direct?CMSCOM_DOC_RN=CMS-TOP-11-004-001-COMMENT-005&amp;sub=MBICMSCOM</subfield>
    <subfield code="y">Post a Response (restricted to ARC)</subfield>
  </datafield>
  <datafield tag="856" ind1="4" ind2=" ">
    <subfield code="u">http://cdsweb.cern.ch/record/1489954/files/TOP-11-004.txt</subfield>
  </datafield>
  <datafield tag="859" ind1=" " ind2=" ">
    <subfield code="f">sijin.qian@cern.ch</subfield>
  </datafield>
  <datafield tag="980" ind1=" " ind2=" ">
    <subfield code="a">CMSPUBDRAFTCOMM</subfield>
  </datafield>
</record>