
<record>
  <datafield tag="037" ind1=" " ind2=" ">
    <subfield code="a">ATL-DAQ-SLIDE-2012-604</subfield>
  </datafield>
  <datafield tag="041" ind1=" " ind2=" ">
    <subfield code="a">eng</subfield>
  </datafield>
  <datafield tag="088" ind1=" " ind2=" ">
    <subfield code="9">ATL-COM-DAQ-2012-180</subfield>
  </datafield>
  <datafield tag="100" ind1=" " ind2=" ">
    <subfield code="a">Stamen, R</subfield>
    <subfield code="u">Kirchhoff-Institut für Physik, Universität Heidelberg</subfield>
  </datafield>
  <datafield tag="110" ind1=" " ind2=" ">
    <subfield code="a">The ATLAS collaboration</subfield>
  </datafield>
  <datafield tag="245" ind1=" " ind2=" ">
    <subfield code="a">Performance of the ATLAS Level-1 Calorimeter Trigger in high luminosity proton-proton collisions at the LHC</subfield>
  </datafield>
  <datafield tag="260" ind1=" " ind2=" ">
    <subfield code="c">2012</subfield>
  </datafield>
  <datafield tag="269" ind1=" " ind2=" ">
    <subfield code="b">CERN</subfield>
    <subfield code="a">Geneva</subfield>
    <subfield code="c">25 Oct 2012</subfield>
  </datafield>
  <datafield tag="300" ind1=" " ind2=" ">
    <subfield code="a">1 p</subfield>
  </datafield>
  <datafield tag="520" ind1=" " ind2=" ">
    <subfield code="a">The ATLAS Level-1 Calorimeter trigger is one of the main components of the first level trigger of the ATLAS experiment at the LHC. Its input stage, the PreProcessor, is a mixed analogue/digital system which receives pre-summed analogue signals from the calorimeters and determines the calibrated energies and the corresponding bunch crosssing which are sent to the digital processors. The complete processing chain is performed in a digital, pipelined system, where programmable algorithms are performed in parallel within a fixed latency of 2 mus. The real-time output consists of counts of high-ET physics objects, such as jets, electron/photon and tau candidates, and global energy sums. While the trigger system has been operational from the time of the very first LHC data taking, many configurable parameters such as timing and energy calibration were optimized based on studies of high luminosity proton-proton collisions. After two years of successful operation close-to-ideal performance of the trigger has been established. During the proton-proton data taking period in 2011 and 2012 the running conditions changed substantially: compared to 2010, the instantaneous luminosity increased by a factor of 15, with up to 20 pile-up interactions per bunch crossing. Parameters like e.g. noise cuts needed to be adjusted to account for the different conditions. An overview of the performance of the calorimeter trigger hardware under these challenging conditions will be presented, along with the experiences and resulting optimizations for the data taking period in 2012.</subfield>
  </datafield>
  <datafield tag="594" ind1=" " ind2=" ">
    <subfield code="a">SLIDE</subfield>
  </datafield>
  <datafield tag="595" ind1=" " ind2=" ">
    <subfield code="a">CERN CDS-Invenio WebSubmit</subfield>
  </datafield>
  <datafield tag="650" ind1="1" ind2="7">
    <subfield code="a">Detectors and Experimental Techniques</subfield>
    <subfield code="2">SzGeCERN</subfield>
  </datafield>
  <datafield tag="650" ind1="2" ind2="7">
    <subfield code="a">DAQ and Trigger</subfield>
    <subfield code="2">SzGeCERN</subfield>
  </datafield>
  <datafield tag="690" ind1="C" ind2=" ">
    <subfield code="a">CERN</subfield>
  </datafield>
  <datafield tag="690" ind1="C" ind2=" ">
    <subfield code="a">INTNOTE</subfield>
  </datafield>
  <datafield tag="690" ind1="C" ind2=" ">
    <subfield code="a">PRIVATLAS</subfield>
  </datafield>
  <datafield tag="690" ind1="C" ind2=" ">
    <subfield code="a">PUBLATLASSLIDE</subfield>
  </datafield>
  <datafield tag="693" ind1=" " ind2=" ">
    <subfield code="a">CERN LHC</subfield>
    <subfield code="e">ATLAS</subfield>
  </datafield>
  <datafield tag="710" ind1=" " ind2=" ">
    <subfield code="5">PH-EP</subfield>
  </datafield>
  <datafield tag="856" ind1="4" ind2=" ">
    <subfield code="u">http://cdsweb.cern.ch/record/1484880</subfield>
    <subfield code="y">Original Communication (restricted to ATLAS)</subfield>
  </datafield>
  <datafield tag="856" ind1="4" ind2=" ">
    <subfield code="u">http://cdsweb.cern.ch/record/1489957/files/ATL-DAQ-SLIDE-2012-604.pdf</subfield>
  </datafield>
  <datafield tag="859" ind1=" " ind2=" ">
    <subfield code="f">stamen@kip.uni-heidelberg.de</subfield>
  </datafield>
  <datafield tag="916" ind1=" " ind2=" ">
    <subfield code="s">n</subfield>
    <subfield code="w">201270</subfield>
  </datafield>
  <datafield tag="960" ind1=" " ind2=" ">
    <subfield code="a">91</subfield>
  </datafield>
  <datafield tag="962" ind1=" " ind2=" ">
    <subfield code="b">anaheim20121029</subfield>
    <subfield code="n">1421982</subfield>
  </datafield>
  <datafield tag="963" ind1=" " ind2=" ">
    <subfield code="a">PUBLIC</subfield>
  </datafield>
  <datafield tag="970" ind1=" " ind2=" ">
    <subfield code="a">000726962CER</subfield>
  </datafield>
  <datafield tag="980" ind1=" " ind2=" ">
    <subfield code="a">PUBLATLASSLIDE</subfield>
  </datafield>
</record>