
<record>
  <controlfield tag="003">SzGeCERN</controlfield>
  <controlfield tag="005">20091105112910.0</controlfield>
  <datafield tag="693" ind1=" " ind2=" ">
    <subfield code="a">CERN LHC</subfield>
    <subfield code="e">LHCb</subfield>
  </datafield>
  <datafield tag="690" ind1="C" ind2=" ">
    <subfield code="a">ARTICLE</subfield>
  </datafield>
  <datafield tag="690" ind1="C" ind2=" ">
    <subfield code="a">CERN</subfield>
  </datafield>
  <datafield tag="787" ind1="0" ind2=" ">
    <subfield code="i">Slides</subfield>
    <subfield code="r">LHCb-TALK-2008-059</subfield>
    <subfield code="w">1293632</subfield>
  </datafield>
  <datafield tag="960" ind1=" " ind2=" ">
    <subfield code="a">13</subfield>
  </datafield>
  <datafield tag="650" ind1="1" ind2="7">
    <subfield code="2">SzGeCERN</subfield>
    <subfield code="a">Detectors and Experimental Techniques</subfield>
  </datafield>
  <datafield tag="962" ind1=" " ind2=" ">
    <subfield code="b">002761921</subfield>
    <subfield code="k">392-396</subfield>
    <subfield code="n">naxos20080915</subfield>
  </datafield>
  <datafield tag="963" ind1=" " ind2=" ">
    <subfield code="a">PUBLIC</subfield>
  </datafield>
  <datafield tag="970" ind1=" " ind2=" ">
    <subfield code="a">002856958CER</subfield>
  </datafield>
  <datafield tag="980" ind1=" " ind2=" ">
    <subfield code="a">ARTICLE</subfield>
  </datafield>
  <datafield tag="980" ind1=" " ind2=" ">
    <subfield code="a">ConferencePaper</subfield>
  </datafield>
  <datafield tag="856" ind1="4" ind2=" ">
    <subfield code="u">http://documents.cern.ch/cgi-bin/setlink?base=yellowarticle&amp;categ=2008-008&amp;id=p392</subfield>
    <subfield code="y">Published version from CERN</subfield>
  </datafield>
  <datafield tag="856" ind1="4" ind2=" ">
    <subfield code="u">http://cdsweb.cern.ch/record/1217584/files/konoplyannikov.doc</subfield>
    <subfield code="y">Fulltext</subfield>
  </datafield>
  <datafield tag="856" ind1="4" ind2=" ">
    <subfield code="u">http://cdsweb.cern.ch/record/1217584/files/p392.pdf</subfield>
    <subfield code="y">Published version from CERN</subfield>
  </datafield>
  <datafield tag="245" ind1=" " ind2=" ">
    <subfield code="a">Electronics of LHCb calorimeter monitoring system</subfield>
  </datafield>
  <datafield tag="260" ind1=" " ind2=" ">
    <subfield code="c">2008</subfield>
  </datafield>
  <datafield tag="520" ind1=" " ind2=" ">
    <subfield code="a">All calorimeter sub-detectors in LHCb, the Scintillator Pad Detector (SPD), the Preshower detector (PS), the Electromagnetic Calorimeter (ECAL) and the Hadron Calorimeter (HCAL) are equipped with the Hamamatsu photomultiplier tubes (PMT) as devices for light to electrical signal conversion [1]. The PMT gain behaviour is not stable in a time, due to changes in the load current and due to ageing. The calorimeter light emitting diode (LED) monitoring system has been developed to monitor the PMT gain over time during data taking. Furthermore the system will play an important role during the detector commissioning and during LHC machine stops, in order to perform tests of the PMTs, cables and FE boards and measurements of relative time alignment. The aim of the paper is to describe the LED monitoring system architecture, some technical details of the electronics implementation based on radiation tolerant components and to summarize the system performance.</subfield>
  </datafield>
  <datafield tag="100" ind1=" " ind2=" ">
    <subfield code="a">Konoplyannikov, A</subfield>
    <subfield code="u">CERN</subfield>
  </datafield>
  <datafield tag="916" ind1=" " ind2=" ">
    <subfield code="s">h</subfield>
    <subfield code="w">200904</subfield>
    <subfield code="y">a2008</subfield>
  </datafield>
  <datafield tag="041" ind1=" " ind2=" ">
    <subfield code="a">eng</subfield>
  </datafield>
  <datafield tag="961" ind1=" " ind2=" ">
    <subfield code="c">20091105</subfield>
    <subfield code="h">1129</subfield>
    <subfield code="l">CER01</subfield>
    <subfield code="x">20091105</subfield>
  </datafield>
</record>