
<record>
  <datafield tag="037" ind1=" " ind2=" ">
    <subfield code="a">ATLAS-SUSY-2012-14-002-COMMENT-016</subfield>
  </datafield>
  <datafield tag="036" ind1=" " ind2=" ">
    <subfield code="a">ATLAS-SUSY-2012-14-002-COMMENT-014</subfield>
    <subfield code="b">http://cdsweb.cern.ch/record/1489150</subfield>
  </datafield>
  <datafield tag="100" ind1=" " ind2=" ">
    <subfield code="a">Vivek Jain</subfield>
    <subfield code="u">CERN - PH/UAT</subfield>
  </datafield>
  <datafield tag="245" ind1=" " ind2=" ">
    <subfield code="a">Search for long-lived, heavy particles using a muon and multi-track displaced vertex, in proton-proton collisions at sqrt(s) = 7 TeV with the ATLAS detector</subfield>
  </datafield>
  <datafield tag="260" ind1=" " ind2=" ">
    <subfield code="c">2012</subfield>
  </datafield>
  <datafield tag="269" ind1=" " ind2=" ">
    <subfield code="b">CERN</subfield>
    <subfield code="a">Geneva</subfield>
    <subfield code="c">25 Oct 2012</subfield>
  </datafield>
  <datafield tag="500" ind1=" " ind2=" ">
    <subfield code="a">&lt;!--HTML-->&lt;p> Hello Thorsten,&lt;/p> &lt;p> Thanks for a careful reading of the manuscript. Here are our responses to your questions/comments:&lt;/p> &lt;p> &amp;nbsp;&lt;/p> &lt;p> lines 154 to 161: Here you say twice within a few lines that for an event to pass it needs to have a muon trigger candidate in the barrel region without ID requirement. I think its not necessary to describe the trigger condition twice - could you streamline this a bit please?&lt;/p> &lt;p> ---&amp;gt; Fixed&lt;/p> &lt;p> line 194: Candiate tracks from a DV ... Strictly speaking at this point you dont know yet they are from a DV, they are just candidates to reconstruct a DV. Suggest something like: Candidate tracks for the reconstruction of a DV ...&lt;/p> &lt;p> ---&amp;gt; Fixed&lt;/p> &lt;p> line 228 and 239: I assume the chi^2 values mean &amp;#39;per degree of freedom&amp;#39;? Please add this, as done on line 244.&lt;/p> &lt;p> --&amp;gt; Fixed. The number on line 228 is per d.o.f., but the one on line 239 was for 2 d.o.f., so we have changed the latter&amp;nbsp; to say 3 per d.o.f&lt;/p> &lt;p> &amp;nbsp;&lt;/p> &lt;p> line 229-230: hits between the vertex and the PV ... Shortly after, from line 250, you use multiple PVs to compare to the DV. But here you are just referring to the one with the highest sum of pt^2 of the associated tracks from line 165? I would suggest to make this clear. Also I am wondering what &amp;#39;between&amp;#39; means here ... is there a matching condition?&lt;/p> &lt;p> ---&amp;gt; What this cut does is to remove cases where a 2-track seed vertex is, say, at a radius of 55 mm, and one of the tracks in it has hits in the first pixel layer. So it doesn&amp;#39;t really matter which PV we consider. It might take too long to explain in the paper, and we would prefer to leave&lt;br /> it as such.&lt;/p> &lt;p> &amp;nbsp;&lt;/p> &lt;p> line 297: could one not state rougly what the density criterion is, i.e. give a range? Since this affects 1/3 of the phase space, its an important condition.&lt;/p> &lt;p> &amp;nbsp;&lt;/p> &lt;p> --&amp;gt; The material density criterion we are aiming for is &amp;quot;anything more than air&amp;quot;, but the way we make the material map is based on using the vertexing algorithm to find vertices from hadronic interactions. We have a 2D histogram of the (z,r) positions of vertices (with Ks and gamma conversions removed), from running over MinBias data, and we reweight this histogram (multiplying each bin&amp;#39;s content by r) to compensate for the fact we have fewer vertices further from the beamline, and then we choose a cut on bin content that gives the best definition between the material and non-material regions, more-or-less chosen by eye.&lt;/p> &lt;p> &lt;br /> The actual cut was 0.05 vertices/bin. In fact we are using the same material map for this result as we used for the published 2010 data analysis (though we did a study which is described in our supporting note to check that nothing has moved in the 2011 data).&lt;br /> In our opinion, it is difficult to condense this enough to make it suitable to put into the paper, so we would prefer to leave the text as it is&lt;/p> &lt;p> line 406: delete &amp;quot;, is:&amp;quot;&lt;/p> &lt;p> --&amp;gt; Fixed&lt;/p> &lt;p> &lt;br /> References:&lt;br /> [12] is published in JHEP 1111 (2011) 012&lt;br /> [23] has an arXiv ref that can be added: arXiv:0711.2473 [hep-ph]&lt;/p> &lt;p> --&amp;gt; Fixed&lt;/p></subfield>
  </datafield>
  <datafield tag="773" ind1=" " ind2=" ">
    <subfield code="n">ATLAS-SUSY-2012-14-002</subfield>
  </datafield>
  <datafield tag="774" ind1=" " ind2=" ">
    <subfield code="a">0016</subfield>
    <subfield code="b">1</subfield>
    <subfield code="c">75</subfield>
  </datafield>
  <datafield tag="787" ind1=" " ind2=" ">
    <subfield code="i">Base Document</subfield>
    <subfield code="r">http://cdsweb.cern.ch/record/1476065</subfield>
  </datafield>
  <datafield tag="856" ind1="4" ind2=" ">
    <subfield code="u">http://cdsweb.cern.ch/submit/direct?ATLCMC_COMM_RNIN=ATLAS-SUSY-2012-14-002-COMMENT-016&amp;sub=SBIATLCMC</subfield>
    <subfield code="y">Submit a comment on this comment</subfield>
  </datafield>
  <datafield tag="856" ind1="4" ind2=" ">
    <subfield code="u">http://cdsweb.cern.ch/submit/direct?ATLCOM_DOC_RN=ATLAS-SUSY-2012-14-002-COMMENT-016&amp;sub=MBIATLCOM</subfield>
    <subfield code="y">Editors Respond</subfield>
  </datafield>
  <datafield tag="859" ind1=" " ind2=" ">
    <subfield code="f">jain2@hep.physics.indiana.edu</subfield>
  </datafield>
  <datafield tag="980" ind1=" " ind2=" ">
    <subfield code="a">ATLASPUBDRAFTCOMM</subfield>
  </datafield>
</record>