
<record>
  <datafield tag="037" ind1=" " ind2=" ">
    <subfield code="a">LHCB-PAPER-2012-038-001-COMMENT-030</subfield>
  </datafield>
  <datafield tag="100" ind1=" " ind2=" ">
    <subfield code="a">Giacomo Graziani</subfield>
    <subfield code="u">CERN - PH/ULB</subfield>
  </datafield>
  <datafield tag="245" ind1=" " ind2=" ">
    <subfield code="a">First observation of $D^0 - \overline{D}^0$ oscillations</subfield>
  </datafield>
  <datafield tag="260" ind1=" " ind2=" ">
    <subfield code="c">2012</subfield>
  </datafield>
  <datafield tag="269" ind1=" " ind2=" ">
    <subfield code="b">CERN</subfield>
    <subfield code="a">Geneva</subfield>
    <subfield code="c">25 Oct 2012</subfield>
  </datafield>
  <datafield tag="500" ind1=" " ind2=" ">
    <subfield code="a">&lt;!--HTML-->&lt;p> &lt;br /> Dear Angelo and Joerg,&lt;br /> let me first congratulate for this very important piece of work!&lt;br /> Since I will be unable to take part of the EB reading (if it is on&lt;br /> next monday), I will post here the comments I would have raised.&lt;br /> &lt;br /> My main comment on the paper content was about the &amp;quot;physically&lt;br /> allowed&amp;quot; solution, but I see from the previous posts that you already&lt;br /> decided to remove it.&lt;br /> Another comment is that it would be nice to have at least an&lt;br /> estimation of the stat. and syst. errors alone, which is always useful&lt;br /> to understand how much the measurement can be improved with more data.&lt;br /> Maybe you could do this through toys where nuisance parameters are&lt;br /> fixed their true values in the fit.&lt;br /> &lt;br /> The other comments are mostly on style. A general one is that I don&amp;#39;t&lt;br /> find that the notation pi_s for the soft pion is needed. It looks as&lt;br /> it was a different particle than a normal pion. For sure you don&amp;#39;t&lt;br /> need it when you introduce the decay modes on line 26. But even&lt;br /> afterwards, expressions like M(D pi) are clear without the _s. In the few cases&lt;br /> when you need to distinguish it from the D0 one, you can just write&lt;br /> &amp;quot;soft pi&amp;quot; (or whatever you call it, maybe &amp;quot;bachelor pion&amp;quot; would be&lt;br /> more appropriate). By the way, on line 57 you say that you require a&lt;br /> low-momentum track, but the selection cuts are only lower limits, a&lt;br /> bit confusing. Does this mean that you can have candidates (notably,&lt;br /> background ones) with very large momentum of the &amp;quot;soft&amp;quot; pion?&lt;br /> &lt;br /> &lt;br /> Line by line::&lt;br /> &lt;br /> &lt;br /> - title: I would remove &amp;quot;First&amp;quot;, without specifying in which sense (at&lt;br /> it is done in the abstract), it may be controversial&lt;br /> &lt;br /> - abstract: I would put wrong- and right-sign in &amp;quot;&amp;quot; as in the paper text.&lt;br /> &amp;nbsp;We usually say 1.0 fb^{-1}&lt;br /> &lt;br /> - lines 11-12: a bit too subjective. I would suggest: &amp;quot;...occurs, no&lt;br /> single experiment to date observed the phenomenon with a large&lt;br /> significance.&amp;quot;&lt;br /> &lt;br /> - lines 23-25: my suggestion: &amp;quot;... identified from the time evolution&lt;br /> of the flavor state for D mesons produced in a known flavor&lt;br /> eigenstate. The latter is determined...&amp;quot;&lt;br /> &lt;br /> - line 26: I think you can cite only the D*+ decay since you imply the&lt;br /> cc via the footnote&lt;br /> &lt;br /> - line 30: the sentence &amp;quot;which are nearly flavor specific decays&amp;quot; is&lt;br /> not needed (and maybe confusing), since things are well explained in&lt;br /> the following lines&lt;br /> &lt;br /> - line 34: I would add a citation to your favorite theoretical source&lt;br /> where this equation is derived&lt;br /> &lt;br /> - line 35: while the citation to PDG is not really needed here&lt;br /> &lt;br /> - line 40: about 1 fb -&amp;gt; 1.0 fb&lt;br /> &lt;br /> - line 52: do you really associate the nearest PV? (I guess you don&amp;#39;t)&lt;br /> &lt;br /> - line 59: I guess what you call IP significance is the IP chi2: there&lt;br /> is a standard definition in the template (to be used even in a footnote)&lt;br /> &lt;br /> - line 69: we usually avoid &amp;quot;nominal mass&amp;quot;, you could say &amp;quot;known D0&lt;br /> mass&amp;quot; here and remove nominal on lines 72 and 73&lt;br /> &lt;br /> - line 79: I would remove &amp;quot;soft&amp;quot; and add something like &amp;quot;, called&lt;br /> &amp;quot;random pion background&amp;quot; in the following&amp;quot;&lt;br /> &lt;br /> - figure 1: I guess this is a single t bin. Should be specified. &amp;quot;pi&amp;quot; is&lt;br /> missing from the x axis labels&lt;br /> &lt;br /> - line 87: abundant AND CLEANER (the point is that is background free,&lt;br /> not that is abundant, right?)&lt;br /> &lt;br /> - lines 109-114: an example of peaking background decay mode could be&lt;br /> provided&lt;br /> &lt;br /> - line 131: IP significance -&amp;gt; chi2&lt;br /> &lt;br /> - line 173: 1.0 fb-1&lt;br /> &amp;nbsp;&lt;br /> &lt;br /> - Acknowledgements section: plese get the updated one from the template&lt;br /> &lt;br /> &lt;br /> Cheers,&lt;br /> &amp;nbsp;&amp;nbsp;&amp;nbsp; Giacomo&lt;/p></subfield>
  </datafield>
  <datafield tag="773" ind1=" " ind2=" ">
    <subfield code="n">LHCB-PAPER-2012-038-001</subfield>
  </datafield>
  <datafield tag="774" ind1=" " ind2=" ">
    <subfield code="a">0030</subfield>
    <subfield code="b">0</subfield>
    <subfield code="c">75</subfield>
  </datafield>
  <datafield tag="787" ind1=" " ind2=" ">
    <subfield code="i">Base Document</subfield>
    <subfield code="r">http://cdsweb.cern.ch/record/1485536</subfield>
  </datafield>
  <datafield tag="856" ind1="4" ind2=" ">
    <subfield code="u">http://cdsweb.cern.ch/submit/direct?LHCBCC_COMM_RNIN=LHCB-PAPER-2012-038-001-COMMENT-030&amp;sub=SBILHCBCC</subfield>
    <subfield code="y">Submit a comment on this comment</subfield>
  </datafield>
  <datafield tag="856" ind1="4" ind2=" ">
    <subfield code="u">http://cdsweb.cern.ch/submit/direct?LHCBCM_DOC_RN=LHCB-PAPER-2012-038-001-COMMENT-030&amp;sub=MBILHCBCM</subfield>
    <subfield code="y">Add a Review (restricted)</subfield>
  </datafield>
  <datafield tag="859" ind1=" " ind2=" ">
    <subfield code="f">giacomo.graziani@cern.ch</subfield>
  </datafield>
  <datafield tag="980" ind1=" " ind2=" ">
    <subfield code="a">LHCBPUBDRAFTCOMM</subfield>
  </datafield>
</record>