
<record>
  <controlfield tag="003">SzGeCERN</controlfield>
  <datafield tag="037" ind1=" " ind2=" ">
    <subfield code="a">ATL-ENEWS-2007-071</subfield>
 </datafield>
  <datafield tag="100" ind1=" " ind2=" ">
    <subfield code="a">Pauline Gagnon</subfield>
    <subfield code="u">Indiana University</subfield>
 </datafield>
  <datafield tag="245" ind1=" " ind2=" ">
    <subfield code="a">New format for ATLAS e-news</subfield>
 </datafield>
  <datafield tag="520" ind1=" " ind2=" ">
    <subfield code="b">&lt;!--HTML-->&lt;p>&lt;center>&lt;img src="http://documents.cern.ch//archive/electronic/cern/others/Newsletter_article/Atlas/atl-enews-2007-071/new-look.JPG" alt="new ATLAS e-news page" width=650>&lt;p>&lt;i>ATLAS e-news got a new look! &lt;/i>&lt;/center>&lt;p> As of November 30, 2007, we have a new format for ATLAS e-news. Please go to: &lt;p>&lt;a href="http://atlas-service-enews.web.cern.ch/atlas-service-enews/index.html "> http://atlas-service-enews.web.cern.ch/atlas-service-enews/index.html &lt;/a>. &lt;p> ATLAS e-news will now be published on a weekly basis. If you are not an ATLAS colaboration member but still want to know how the ATLAS experiment is doing, we will soon have a version of ATLAS e-news intended for the general public. Information will be sent out in due time.</subfield>
 </datafield>
  <datafield tag="595" ind1=" " ind2=" ">
    <subfield code="a">CERN EDS</subfield>
 </datafield>
  <datafield tag="650" ind1="1" ind2="7">
    <subfield code="2">SzGeCERN</subfield>
    <subfield code="a">Management</subfield>
 </datafield>
  <datafield tag="690" ind1="C" ind2=" ">
    <subfield code="a">ANAAPPR</subfield>
 </datafield>
  <datafield tag="773" ind1=" " ind2=" ">
    <subfield code="n">200711</subfield>
    <subfield code="p">ATLAS eNews</subfield>
 </datafield>
  <datafield tag="859" ind1=" " ind2=" ">
    <subfield code="f">pauline.gagnon@cern.ch</subfield>
 </datafield>
  <datafield tag="916" ind1=" " ind2=" ">
    <subfield code="s">n</subfield>
    <subfield code="w">200748</subfield>
 </datafield>
  <datafield tag="960" ind1=" " ind2=" ">
    <subfield code="a">76</subfield>
 </datafield>
  <datafield tag="961" ind1=" " ind2=" ">
    <subfield code="c">20071130</subfield>
    <subfield code="h">1525</subfield>
    <subfield code="l">MMD01</subfield>
    <subfield code="x">20071130</subfield>
 </datafield>
  <datafield tag="963" ind1=" " ind2=" ">
    <subfield code="a">PUBLIC</subfield>
 </datafield>
  <datafield tag="970" ind1=" " ind2=" ">
    <subfield code="a">000044768MMD</subfield>
 </datafield>
  <datafield tag="980" ind1=" " ind2=" ">
    <subfield code="a">ENEWSPUBLATLAS</subfield>
 </datafield>
</record>