
<record>
  <datafield tag="041" ind1=" " ind2=" ">
    <subfield code="a">eng</subfield>
  </datafield>
  <datafield tag="088" ind1=" " ind2=" ">
    <subfield code="a">CERN/TREF/0381</subfield>
  </datafield>
  <datafield tag="245" ind1=" " ind2=" ">
    <subfield code="a">Proposal by the Management concerning adjustment of the total contribution rate for new members of the CERN Pension Fund, within the framework of the package of measures adopted in 2010 and 2011</subfield>
  </datafield>
  <datafield tag="269" ind1=" " ind2=" ">
    <subfield code="c">2012-02-16</subfield>
  </datafield>
  <datafield tag="260" ind1=" " ind2=" ">
    <subfield code="c">2012</subfield>
  </datafield>
  <datafield tag="111" ind1=" " ind2=" ">
    <subfield code="9">20120229</subfield>
    <subfield code="a">80th Meeting of Tripartite Employment Conditions Forum (TREF)</subfield>
    <subfield code="n">80</subfield>
    <subfield code="c">CERN, Geneva, Switzerland</subfield>
    <subfield code="d">29 Feb 2012</subfield>
    <subfield code="f">2012</subfield>
    <subfield code="g">cern20120229</subfield>
    <subfield code="w">CH</subfield>
    <subfield code="z">20120229</subfield>
  </datafield>
  <datafield tag="506" ind1=" " ind2=" ">
    <subfield code="3">tref-full</subfield>
  </datafield>
  <datafield tag="856" ind1="0" ind2=" ">
    <subfield code="f">sylvia.martakis@cern.ch</subfield>
  </datafield>
  <datafield tag="856" ind1="4" ind2=" ">
    <subfield code="u">http://cdsweb.cern.ch/record/1440842/files/TREF_381_PensionFund_16.2.2012.pdf</subfield>
    <subfield code="y">English</subfield>
  </datafield>
  <datafield tag="856" ind1="4" ind2=" ">
    <subfield code="u">http://cdsweb.cern.ch/record/1440842/files/TREF_381_PensionFund_16.2.2012.pdf?subformat=pdfa</subfield>
    <subfield code="x">pdfa</subfield>
    <subfield code="y">English</subfield>
  </datafield>
  <datafield tag="980" ind1=" " ind2=" ">
    <subfield code="a">TREF</subfield>
  </datafield>
</record>