
<record>
  <controlfield tag="005">20090603185037.0</controlfield>
  <datafield tag="022" ind1=" " ind2=" ">
    <subfield code="a">1520-6882</subfield>
    <subfield code="b">online</subfield>
  </datafield>
  <datafield tag="041" ind1=" " ind2=" ">
    <subfield code="a">eng</subfield>
  </datafield>
  <datafield tag="044" ind1=" " ind2=" ">
    <subfield code="a">us</subfield>
  </datafield>
  <datafield tag="080" ind1=" " ind2=" ">
    <subfield code="a">54</subfield>
  </datafield>
  <datafield tag="210" ind1=" " ind2=" ">
    <subfield code="a">Anal. Chem.</subfield>
  </datafield>
  <datafield tag="222" ind1=" " ind2=" ">
    <subfield code="a">Analytical chemistry</subfield>
  </datafield>
  <datafield tag="245" ind1=" " ind2=" ">
    <subfield code="a">Analytical chemistry</subfield>
  </datafield>
  <datafield tag="310" ind1=" " ind2=" ">
    <subfield code="a">monthly</subfield>
  </datafield>
  <datafield tag="340" ind1=" " ind2=" ">
    <subfield code="a">Online</subfield>
  </datafield>
  <datafield tag="650" ind1="1" ind2="7">
    <subfield code="2">SzGeCERN</subfield>
    <subfield code="a">Chemical Physics and Chemistry</subfield>
  </datafield>
  <datafield tag="690" ind1="C" ind2=" ">
    <subfield code="a">PERI</subfield>
  </datafield>
  <datafield tag="856" ind1="4" ind2="1">
    <subfield code="3">v 1 (1929) -</subfield>
    <subfield code="g">current</subfield>
    <subfield code="m">Intranet</subfield>
    <subfield code="u">http://pubs.acs.org/loi/ancham</subfield>
    <subfield code="x">8</subfield>
    <subfield code="y">Electronic version</subfield>
  </datafield>
  <datafield tag="933" ind1=" " ind2=" ">
    <subfield code="a">Washington, DC</subfield>
    <subfield code="b">American Chemical Society</subfield>
  </datafield>
  <datafield tag="935" ind1=" " ind2=" ">
    <subfield code="a">Title varies: Industrial &amp; Engineering Chemistry Analytical Edition (1929-1946)</subfield>
  </datafield>
  <datafield tag="938" ind1=" " ind2=" ">
    <subfield code="a">12</subfield>
    <subfield code="p">c</subfield>
  </datafield>
  <datafield tag="939" ind1=" " ind2=" ">
    <subfield code="a">3333</subfield>
    <subfield code="d">http://crossref.org/openurl?pid=cern-url@cern.ch&amp;issn=15206882</subfield>
    <subfield code="u">http://pubs.acs.org/loi/ancham</subfield>
    <subfield code="v">18</subfield>
  </datafield>
  <datafield tag="960" ind1=" " ind2=" ">
    <subfield code="a">31</subfield>
  </datafield>
  <datafield tag="961" ind1=" " ind2=" ">
    <subfield code="c">20100517</subfield>
    <subfield code="h">1526</subfield>
    <subfield code="l">CER01</subfield>
    <subfield code="x">20090402</subfield>
  </datafield>
  <datafield tag="963" ind1=" " ind2=" ">
    <subfield code="a">PERI</subfield>
  </datafield>
  <datafield tag="970" ind1=" " ind2=" ">
    <subfield code="a">002815142CER</subfield>
  </datafield>
  <datafield tag="980" ind1=" " ind2=" ">
    <subfield code="a">PERI</subfield>
  </datafield>
</record>