
<record>
  <controlfield tag="003">SzGeCERN</controlfield>
  <controlfield tag="005">20121031170953.0</controlfield>
  <datafield tag="037" ind1=" " ind2=" ">
    <subfield code="a">CERN-NUFACT-Note-157</subfield>
  </datafield>
  <datafield tag="041" ind1=" " ind2=" ">
    <subfield code="a">eng</subfield>
  </datafield>
  <datafield tag="088" ind1=" " ind2=" ">
    <subfield code="a">CERN-NEUTRINO-FACTORY-NOTE-157</subfield>
  </datafield>
  <datafield tag="100" ind1=" " ind2=" ">
    <subfield code="a">Garoby, R</subfield>
    <subfield code="u">CERN</subfield>
  </datafield>
  <datafield tag="245" ind1=" " ind2=" ">
    <subfield code="a">Linac-Based Proton Driver for a Neutrino Factory</subfield>
  </datafield>
  <datafield tag="260" ind1=" " ind2=" ">
    <subfield code="c">2009</subfield>
  </datafield>
  <datafield tag="269" ind1=" " ind2=" ">
    <subfield code="a">Geneva</subfield>
    <subfield code="b">CERN</subfield>
    <subfield code="c">01 Dec 2009</subfield>
  </datafield>
  <datafield tag="300" ind1=" " ind2=" ">
    <subfield code="a">4 p</subfield>
  </datafield>
  <datafield tag="520" ind1=" " ind2=" ">
    <subfield code="a">A Neutrino Factory Proton Driver based on a superconducting proton linac has been designed in the CERN context. The 5 GeV/4 MW H- beam from the linac is accumulated using charge exchange injection in a fixed-energy synchrotron and afterwards transferred to a compressor ring, where bunch rotation takes place. The lattices of the accumulator and compressor are described, as well as magnet technology and RF manipulations. Critical issues related to charge-exchange injection, space-charge effects in the compressor and beam stability in the accumulator, are addressed. The analysis is focused on the baseline scenario, which provides 6 bunches on the target. Results of preliminary analysis of options with less bunches (three and one) are also presented.</subfield>
  </datafield>
  <datafield tag="595" ind1=" " ind2=" ">
    <subfield code="a">CERN EDS</subfield>
  </datafield>
  <datafield tag="650" ind1="1" ind2="7">
    <subfield code="2">SzGeCERN</subfield>
    <subfield code="a">Accelerators and Storage Rings</subfield>
  </datafield>
  <datafield tag="690" ind1="C" ind2=" ">
    <subfield code="a">CERN</subfield>
  </datafield>
  <datafield tag="690" ind1="C" ind2=" ">
    <subfield code="a">NUFACT</subfield>
  </datafield>
  <datafield tag="690" ind1="C" ind2=" ">
    <subfield code="a">INTNOTE</subfield>
  </datafield>
  <datafield tag="690" ind1="C" ind2=" ">
    <subfield code="a">PREPRINT</subfield>
  </datafield>
  <datafield tag="693" ind1=" " ind2=" ">
    <subfield code="a">Not applicable</subfield>
    <subfield code="e">Not applicable</subfield>
  </datafield>
  <datafield tag="700" ind1=" " ind2=" ">
    <subfield code="a">Benedetto, E</subfield>
    <subfield code="u">CERN</subfield>
  </datafield>
  <datafield tag="700" ind1=" " ind2=" ">
    <subfield code="a">Aiba, M</subfield>
    <subfield code="u">CERN</subfield>
  </datafield>
  <datafield tag="700" ind1=" " ind2=" ">
    <subfield code="a">Meddahi, M</subfield>
    <subfield code="u">CERN</subfield>
  </datafield>
  <datafield tag="710" ind1=" " ind2=" ">
    <subfield code="5">AB</subfield>
  </datafield>
  <datafield tag="859" ind1=" " ind2=" ">
    <subfield code="f">delphine.rivoiron@cern.ch</subfield>
  </datafield>
  <datafield tag="909" ind1="C" ind2="O">
    <subfield code="o">oai:atlantis.cern.ch:1227854</subfield>
    <subfield code="p">cerncds:CERN</subfield>
  </datafield>
  <datafield tag="916" ind1=" " ind2=" ">
    <subfield code="s">n</subfield>
    <subfield code="w">200950</subfield>
  </datafield>
  <datafield tag="960" ind1=" " ind2=" ">
    <subfield code="a">11</subfield>
  </datafield>
  <datafield tag="961" ind1=" " ind2=" ">
    <subfield code="c">20100325</subfield>
    <subfield code="h">1110</subfield>
    <subfield code="l">CER01</subfield>
    <subfield code="x">20091210</subfield>
  </datafield>
  <datafield tag="963" ind1=" " ind2=" ">
    <subfield code="a">PUBLIC</subfield>
  </datafield>
  <datafield tag="970" ind1=" " ind2=" ">
    <subfield code="a">000705529CER</subfield>
  </datafield>
  <datafield tag="980" ind1=" " ind2=" ">
    <subfield code="a">NEUFACNOT</subfield>
  </datafield>
  <datafield tag="980" ind1=" " ind2=" ">
    <subfield code="b">PREPRINT</subfield>
  </datafield>
  <datafield tag="024" ind1="8" ind2=" ">
    <subfield code="a">oai:cds.cern.ch:1227854</subfield>
    <subfield code="p">cerncds:CERN</subfield>
  </datafield>
  <datafield tag="856" ind1="4" ind2=" ">
    <subfield code="u">http://cdsweb.cern.ch/record/1227854/files/CERN-NUFACT-NOTE-157.pdf</subfield>
    <subfield code="y">Fulltext</subfield>
  </datafield>
</record>