
<record>
  <controlfield tag="003">SzGeCERN</controlfield>
  <controlfield tag="005">20121126132328.0</controlfield>
  <datafield tag="980" ind1=" " ind2=" ">
    <subfield code="a">INTNOTEALICEPUBL</subfield>
  </datafield>
  <datafield tag="035" ind1=" " ind2=" ">
    <subfield code="9">EDMS</subfield>
    <subfield code="a">304976</subfield>
  </datafield>
  <datafield tag="035" ind1=" " ind2=" ">
    <subfield code="9">EDMS</subfield>
    <subfield code="a">304976v1</subfield>
  </datafield>
  <datafield tag="245" ind1=" " ind2=" ">
    <subfield code="a">Optics Function Plots for LHC V6.2</subfield>
  </datafield>
  <datafield tag="690" ind1="C" ind2=" ">
    <subfield code="a">CERN</subfield>
  </datafield>
  <datafield tag="690" ind1="C" ind2=" ">
    <subfield code="a">Technical Description (MS)</subfield>
  </datafield>
  <datafield tag="100" ind1=" " ind2=" ">
    <subfield code="a">Elena WILDNER</subfield>
  </datafield>
  <datafield tag="520" ind1=" " ind2=" ">
    <subfield code="a">This givs the MAD plots for the LHC Lattice V6.1.</subfield>
  </datafield>
  <datafield tag="653" ind1="1" ind2=" ">
    <subfield code="a">Optics</subfield>
    <subfield code="9">EDMS</subfield>
  </datafield>
  <datafield tag="859" ind1=" " ind2=" ">
    <subfield code="f">Elena.Wildner@cern.ch</subfield>
  </datafield>
  <datafield tag="856" ind1="4" ind2=" ">
    <subfield code="u">https://edms-workspace.cern.ch/Ddocument/304976/1</subfield>
  </datafield>
  <datafield tag="269" ind1=" " ind2=" ">
    <subfield code="a">Geneva</subfield>
    <subfield code="b">CERN</subfield>
    <subfield code="c">2012-11-26</subfield>
  </datafield>
  <datafield tag="916" ind1="4" ind2=" ">
    <subfield code="s">n</subfield>
    <subfield code="w">200105</subfield>
  </datafield>
</record>