
<record>
  <datafield tag="037" ind1=" " ind2=" ">
    <subfield code="a">ATLAS-LVN-GEN-2011-004</subfield>
  </datafield>
  <datafield tag="100" ind1=" " ind2=" ">
    <subfield code="a">Dave Charlton</subfield>
  </datafield>
  <datafield tag="245" ind1=" " ind2=" ">
    <subfield code="a">RSS/iCal feeds from Indico</subfield>
  </datafield>
  <datafield tag="269" ind1=" " ind2=" ">
    <subfield code="c">2011-07-06</subfield>
  </datafield>
  <datafield tag="520" ind1=" " ind2=" ">
    <subfield code="b">&lt;!--HTML-->If you use an iCal or RSS feed from indico to keep up to date with ATLAS meeting times, please note that due to the need to close a protection hole in indico, these will cease to work from tomorrow until further notice, for ATLAS meetings. They will be restored as soon as the next version of indico, which can protect such feeds, will be in place (expected O(1-2 months)). Apologies for any inconvenience this might cause. If you do not know what this means, you don't need to worry about it.</subfield>
  </datafield>
  <datafield tag="650" ind1="1" ind2="7">
    <subfield code="2">SzGeCERN</subfield>
    <subfield code="a">ATLAS Live News</subfield>
  </datafield>
  <datafield tag="925" ind1=" " ind2=" ">
    <subfield code="a">2011-07-06</subfield>
    <subfield code="b">2011-09-06</subfield>
  </datafield>
  <datafield tag="980" ind1=" " ind2=" ">
    <subfield code="a">ATLVNGEN</subfield>
  </datafield>
</record>