
<record>
  <datafield tag="037" ind1=" " ind2=" ">
    <subfield code="a">CERN-LHCC-2012-016</subfield>
  </datafield>
  <datafield tag="088" ind1=" " ind2=" ">
    <subfield code="a">CMS-TDR-011</subfield>
  </datafield>
  <datafield tag="100" ind1=" " ind2=" ">
    <subfield code="a">Dominguez, A</subfield>
    <subfield code="u">University of Nebraska -- Lincoln</subfield>
  </datafield>
  <datafield tag="245" ind1=" " ind2=" ">
    <subfield code="a">CMS Technical Design Report for the Pixel Detector Upgrade</subfield>
  </datafield>
  <datafield tag="520" ind1=" " ind2=" ">
    <subfield code="a">The original design goal of the LHC was to operate at 1E34 cm^{−2}s^{−1} with 25 ns bunch spacing, where approximately 25 simultaneous inelastic collisions per crossing (“pile-up”) occur. With the upgrade of the accelerators, the lumi- nosity and pile-up will more than double. The current pixel detector is crucial to charged particle tracking, but was not designed to perform effectively in such collision conditions and the physics program of CMS would suffer as a result. We propose to replace the current pixel tracker with a new high efficiency and low mass detector with four barrel layers and three forward/backward disks to provide four-hit pixel coverage out to pseudorapidities of ±2.5. This new detector will meet or exceed the original design specifications in these high luminosity environments. In this report, we provide details on the design, construction and installation of the upgraded pixel detector as well as estimates of its expected performance.</subfield>
  </datafield>
  <datafield tag="260" ind1=" " ind2=" ">
    <subfield code="c">2012</subfield>
  </datafield>
  <datafield tag="269" ind1=" " ind2=" ">
    <subfield code="b">CERN</subfield>
    <subfield code="a">Geneva</subfield>
    <subfield code="c">27 Sep 2012</subfield>
  </datafield>
  <datafield tag="300" ind1=" " ind2=" ">
    <subfield code="a">mult. p</subfield>
  </datafield>
  <datafield tag="490" ind1=" " ind2=" ">
    <subfield code="a">technical design report</subfield>
  </datafield>
  <datafield tag="500" ind1=" " ind2=" ">
    <subfield code="a">Additional contacts: Jeffrey Spalding, Fermilab, Jeffrey.Spalding@cern.ch Didier Contardo, Universite Claude Bernard-Lyon I, didier.claude.contardo@cern.ch</subfield>
  </datafield>
  <datafield tag="595" ind1=" " ind2=" ">
    <subfield code="a">LHCC</subfield>
  </datafield>
  <datafield tag="595" ind1=" " ind2=" ">
    <subfield code="a">CERN EDS</subfield>
  </datafield>
  <datafield tag="595" ind1=" " ind2=" ">
    <subfield code="a">giva a faire</subfield>
  </datafield>
  <datafield tag="650" ind1="1" ind2="7">
    <subfield code="2">SzGeCERN</subfield>
    <subfield code="a">Detectors and Experimental Techniques</subfield>
  </datafield>
  <datafield tag="690" ind1="C" ind2=" ">
    <subfield code="a">CERN</subfield>
  </datafield>
  <datafield tag="690" ind1="C" ind2=" ">
    <subfield code="a">SCICOM</subfield>
  </datafield>
  <datafield tag="690" ind1="C" ind2=" ">
    <subfield code="a">PUBLLHCC</subfield>
  </datafield>
  <datafield tag="710" ind1=" " ind2=" ">
    <subfield code="a">CERN. Geneva. The LHC experiments Committee</subfield>
  </datafield>
  <datafield tag="710" ind1=" " ind2=" ">
    <subfield code="a">LHCC</subfield>
  </datafield>
  <datafield tag="710" ind1=" " ind2=" ">
    <subfield code="5">PH</subfield>
  </datafield>
  <datafield tag="856" ind1="4" ind2=" ">
    <subfield code="u">http://cdsweb.cern.ch/record/1481838/files/CMS-TDR-011.pdf</subfield>
    <subfield code="y">Fulltext</subfield>
  </datafield>
  <datafield tag="859" ind1=" " ind2=" ">
    <subfield code="f">aarond@unl.edu</subfield>
  </datafield>
  <datafield tag="270" ind1=" " ind2=" ">
    <subfield code="m">Karl.Gill@cern.ch</subfield>
  </datafield>
  <datafield tag="270" ind1=" " ind2=" ">
    <subfield code="m">Austin.Ball@cern.ch</subfield>
  </datafield>
  <datafield tag="270" ind1=" " ind2=" ">
    <subfield code="m">Andrzej.CHARKIEWICZ@cern.ch</subfield>
  </datafield>
  <datafield tag="903" ind1=" " ind2=" ">
    <subfield code="s">public</subfield>
  </datafield>
  <datafield tag="905" ind1=" " ind2=" ">
    <subfield code="a">CERN</subfield>
    <subfield code="m">Karl.Gill@cern.ch</subfield>
    <subfield code="p">Gill, Karl</subfield>
  </datafield>
  <datafield tag="905" ind1=" " ind2=" ">
    <subfield code="a">CERN</subfield>
    <subfield code="m">Austin.Ball@cern.ch</subfield>
    <subfield code="p">Ball, Austin</subfield>
  </datafield>
  <datafield tag="906" ind1=" " ind2=" ">
    <subfield code="a">CERN</subfield>
    <subfield code="m">Andrzej.CHARKIEWICZ@cern.ch</subfield>
    <subfield code="p">CHARKIEWICZ, Andrzej</subfield>
  </datafield>
  <datafield tag="906" ind1=" " ind2=" ">
    <subfield code="a">Universidad de Cantabria</subfield>
    <subfield code="m">rodrigo@ifca.unican.es</subfield>
    <subfield code="p">Rodrigo, Teresa</subfield>
  </datafield>
  <datafield tag="916" ind1=" " ind2=" ">
    <subfield code="s">n</subfield>
    <subfield code="w">201239</subfield>
  </datafield>
  <datafield tag="960" ind1=" " ind2=" ">
    <subfield code="a">16</subfield>
  </datafield>
  <datafield tag="963" ind1=" " ind2=" ">
    <subfield code="a">PUBLIC</subfield>
  </datafield>
  <datafield tag="970" ind1=" " ind2=" ">
    <subfield code="a">000726351CER</subfield>
  </datafield>
  <datafield tag="980" ind1=" " ind2=" ">
    <subfield code="a">SCICOMMPUBLLHCC</subfield>
  </datafield>
</record>