
<record>
  <controlfield tag="003">SzGeCERN</controlfield>
  <controlfield tag="005">20121031165400.0</controlfield>
  <datafield tag="035" ind1=" " ind2=" ">
    <subfield code="9">SLAC</subfield>
    <subfield code="a">524603</subfield>
  </datafield>
  <datafield tag="035" ind1=" " ind2=" ">
    <subfield code="9">SPIRES</subfield>
    <subfield code="a">524603</subfield>
  </datafield>
  <datafield tag="041" ind1=" " ind2=" ">
    <subfield code="a">eng</subfield>
  </datafield>
  <datafield tag="088" ind1=" " ind2=" ">
    <subfield code="a">CERN-MPS-DL-73-9</subfield>
  </datafield>
  <datafield tag="088" ind1=" " ind2=" ">
    <subfield code="9">SIS-74-0599</subfield>
  </datafield>
  <datafield tag="100" ind1=" " ind2=" ">
    <subfield code="a">Sørensen, A</subfield>
    <subfield code="u">CERN</subfield>
  </datafield>
  <datafield tag="245" ind1=" " ind2=" ">
    <subfield code="a">Crossing The Phase Transition In Strong Focusing Proton synchrotrons</subfield>
  </datafield>
  <datafield tag="260" ind1=" " ind2=" ">
    <subfield code="c">1975</subfield>
  </datafield>
  <datafield tag="269" ind1=" " ind2=" ">
    <subfield code="c">1975</subfield>
  </datafield>
  <datafield tag="520" ind1=" " ind2=" ">
    <subfield code="a">Two effects are observed when a intensity bunch crosses the phase transition: bunch-length oscillations are excited, and there is also a sudden increase of the longitudinal emittance. These effects may for some accelerators be an intensity limitation as important as the transverse space-charge limit at injection. The bunch-length oscillations are caused by longitudinal space-charge forces and their nature is well understood. The emittance increase is less well understood, the most important mechanism is probably a negative-mass instability which develops right after transition, but also other mechanisms play a certain role. Various cures exist to counteract these mechanisms; the most successful one is the so-called gamma /sub transition/-jump, where the transition energy is rapidly reduced by pulsing a suitable set of quadrupoles. The various mechanisms and cures are first discussed in qualitative terms, then the theory is developed, and the state of today's knowledge is discussed. (63 refs).</subfield>
  </datafield>
  <datafield tag="595" ind1=" " ind2=" ">
    <subfield code="a">SIS INSP2005</subfield>
  </datafield>
  <datafield tag="595" ind1=" " ind2=" ">
    <subfield code="a">SIS:2005 PR/LKR added</subfield>
  </datafield>
  <datafield tag="595" ind1=" " ind2=" ">
    <subfield code="i">786491</subfield>
  </datafield>
  <datafield tag="650" ind1="1" ind2="7">
    <subfield code="2">SzGeCERN</subfield>
    <subfield code="a">Accelerators and Storage Rings</subfield>
  </datafield>
  <datafield tag="650" ind1="1" ind2="7">
    <subfield code="2">SzGeCERN</subfield>
    <subfield code="a">Nuclear Physics</subfield>
  </datafield>
  <datafield tag="653" ind1="1" ind2=" ">
    <subfield code="9">DESY</subfield>
    <subfield code="a">proton synchrotron</subfield>
  </datafield>
  <datafield tag="653" ind1="1" ind2=" ">
    <subfield code="9">DESY</subfield>
    <subfield code="a">beam oscillation</subfield>
  </datafield>
  <datafield tag="653" ind1="1" ind2=" ">
    <subfield code="9">DESY</subfield>
    <subfield code="a">beam emittance</subfield>
  </datafield>
  <datafield tag="653" ind1="1" ind2=" ">
    <subfield code="9">DESY</subfield>
    <subfield code="a">forces, space charge</subfield>
  </datafield>
  <datafield tag="653" ind1="1" ind2=" ">
    <subfield code="9">DESY</subfield>
    <subfield code="a">energy, transition</subfield>
  </datafield>
  <datafield tag="653" ind1="1" ind2=" ">
    <subfield code="9">DESY</subfield>
    <subfield code="a">beam, blowup</subfield>
  </datafield>
  <datafield tag="653" ind1="1" ind2=" ">
    <subfield code="9">DESY</subfield>
    <subfield code="a">bunching</subfield>
  </datafield>
  <datafield tag="653" ind1="1" ind2=" ">
    <subfield code="9">DESY</subfield>
    <subfield code="a">quadrupole lens, special focusing</subfield>
  </datafield>
  <datafield tag="653" ind1="1" ind2=" ">
    <subfield code="9">DESY</subfield>
    <subfield code="a">betatron oscillation</subfield>
  </datafield>
  <datafield tag="653" ind1="1" ind2=" ">
    <subfield code="9">DESY</subfield>
    <subfield code="a">synchrotron oscillation</subfield>
  </datafield>
  <datafield tag="653" ind1="1" ind2=" ">
    <subfield code="9">DESY</subfield>
    <subfield code="a">beam loading</subfield>
  </datafield>
  <datafield tag="653" ind1="1" ind2=" ">
    <subfield code="9">DESY</subfield>
    <subfield code="a">bibliography</subfield>
  </datafield>
  <datafield tag="653" ind1="1" ind2=" ">
    <subfield code="9">INSPEC</subfield>
    <subfield code="a">bunch length oscillations</subfield>
  </datafield>
  <datafield tag="653" ind1="1" ind2=" ">
    <subfield code="9">INSPEC</subfield>
    <subfield code="a">longitudinal emittance</subfield>
  </datafield>
  <datafield tag="653" ind1="1" ind2=" ">
    <subfield code="9">INSPEC</subfield>
    <subfield code="a">phase transition</subfield>
  </datafield>
  <datafield tag="653" ind1="1" ind2=" ">
    <subfield code="9">INSPEC</subfield>
    <subfield code="a">strong focusing proton synchrotrons</subfield>
  </datafield>
  <datafield tag="690" ind1="C" ind2=" ">
    <subfield code="a">ARTICLE</subfield>
  </datafield>
  <datafield tag="690" ind1="C" ind2=" ">
    <subfield code="a">CERN</subfield>
  </datafield>
  <datafield tag="693" ind1=" " ind2=" ">
    <subfield code="a">XX</subfield>
    <subfield code="e">XX</subfield>
  </datafield>
  <datafield tag="695" ind1=" " ind2=" ">
    <subfield code="9">INSPEC</subfield>
    <subfield code="a">proton-accelerators</subfield>
  </datafield>
  <datafield tag="695" ind1=" " ind2=" ">
    <subfield code="9">INSPEC</subfield>
    <subfield code="a">synchrotrons</subfield>
  </datafield>
  <datafield tag="710" ind1=" " ind2=" ">
    <subfield code="5">MPS</subfield>
  </datafield>
  <datafield tag="773" ind1=" " ind2=" ">
    <subfield code="c">141-165</subfield>
    <subfield code="p">Part. Accel.</subfield>
    <subfield code="v">6</subfield>
    <subfield code="y">1975</subfield>
  </datafield>
  <datafield tag="916" ind1=" " ind2=" ">
    <subfield code="s">n</subfield>
    <subfield code="w">200822</subfield>
  </datafield>
  <datafield tag="960" ind1=" " ind2=" ">
    <subfield code="a">13</subfield>
  </datafield>
  <datafield tag="961" ind1=" " ind2=" ">
    <subfield code="c">20100803</subfield>
    <subfield code="h">1411</subfield>
    <subfield code="l">CER01</subfield>
    <subfield code="x">20080604</subfield>
  </datafield>
  <datafield tag="963" ind1=" " ind2=" ">
    <subfield code="a">PUBLIC</subfield>
  </datafield>
  <datafield tag="970" ind1=" " ind2=" ">
    <subfield code="a">002760990CER</subfield>
  </datafield>
  <datafield tag="980" ind1=" " ind2=" ">
    <subfield code="a">ARTICLE</subfield>
  </datafield>
  <datafield tag="981" ind1=" " ind2=" ">
    <subfield code="a">000400599CER01</subfield>
  </datafield>
  <datafield tag="981" ind1=" " ind2=" ">
    <subfield code="a">002546569CER01</subfield>
  </datafield>
  <datafield tag="024" ind1="8" ind2=" ">
    <subfield code="a">oai:cds.cern.ch:1021083</subfield>
    <subfield code="p">cerncds:CERN</subfield>
  </datafield>
  <datafield tag="856" ind1="4" ind2=" ">
    <subfield code="u">http://cdsweb.cern.ch/record/1021083/files/p141.pdf</subfield>
  </datafield>
  <datafield tag="909" ind1="C" ind2="O">
    <subfield code="o">oai:atlantis.cern.ch:1021083</subfield>
    <subfield code="p">cerncds:CERN</subfield>
  </datafield>
</record>