
<record>
  <controlfield tag="003">SzGeCERN</controlfield>
  <datafield tag="088" ind1=" " ind2=" ">
    <subfield code="a">PHESS-2007-002</subfield>
  </datafield>
  <datafield tag="100" ind1=" " ind2=" ">
    <subfield code="a">Angel Monera Martinez</subfield>
  </datafield>
  <datafield tag="245" ind1=" " ind2=" ">
    <subfield code="a">Angel Monera's work on the RF_Rx and RF_Tx modules for the TTC transmission</subfield>
    <subfield code="k">presentation</subfield>
  </datafield>
  <datafield tag="260" ind1=" " ind2=" ">
    <subfield code="c">2007</subfield>
  </datafield>
  <datafield tag="269" ind1=" " ind2=" ">
    <subfield code="b">CERN</subfield>
    <subfield code="c">17 Jan 2007</subfield>
  </datafield>
  <datafield tag="520" ind1=" " ind2=" ">
    <subfield code="a">During 2006, Angel Monera worked as a technical student in PH/ESS group to develop the Analog transmitters and receivers for the transmission of the timing of the LHC. He also developed in parallel a cheaper set of Transmitter and receiver modules using digital components which will be used by the TTC, as well as the control software. This presentation is a review of his work during this year.</subfield>
  </datafield>
  <datafield tag="541" ind1=" " ind2=" ">
    <subfield code="a">ESS-SC</subfield>
  </datafield>
  <datafield tag="690" ind1="C" ind2=" ">
    <subfield code="a">PHESSPUBL</subfield>
  </datafield>
  <datafield tag="710" ind1=" " ind2=" ">
    <subfield code="b">PHESS</subfield>
  </datafield>
  <datafield tag="903" ind1=" " ind2=" ">
    <subfield code="s">public</subfield>
  </datafield>
  <datafield tag="916" ind1=" " ind2=" ">
    <subfield code="s">n</subfield>
    <subfield code="w">200704</subfield>
  </datafield>
  <datafield tag="960" ind1=" " ind2=" ">
    <subfield code="a">67</subfield>
  </datafield>
  <datafield tag="961" ind1=" " ind2=" ">
    <subfield code="c">20070125</subfield>
    <subfield code="h">0934</subfield>
    <subfield code="l">MAN01</subfield>
    <subfield code="x">20070125</subfield>
  </datafield>
  <datafield tag="963" ind1=" " ind2=" ">
    <subfield code="a">PUBLIC</subfield>
  </datafield>
  <datafield tag="970" ind1=" " ind2=" ">
    <subfield code="a">000034776MAN</subfield>
  </datafield>
  <datafield tag="980" ind1=" " ind2=" ">
    <subfield code="a">GIDPUBL</subfield>
  </datafield>
  <datafield tag="856" ind1="4" ind2=" ">
    <subfield code="u">http://documents.cern.ch/cgi-bin/setlink?base=phess&amp;categ=public&amp;id=phess-2007-002</subfield>
    <subfield code="y">Access to fulltext document</subfield>
  </datafield>
  <datafield tag="856" ind1="4" ind2=" ">
    <subfield code="u">http://cdsweb.cern.ch/record/1012898/files/phess-2007-002.pdf</subfield>
    <subfield code="y">Access to fulltext document</subfield>
  </datafield>
</record>