
<record>
  <controlfield tag="003">SzGeCERN</controlfield>
  <controlfield tag="005">20121218104456.0</controlfield>
  <datafield tag="041" ind1=" " ind2=" ">
    <subfield code="a">eng</subfield>
  </datafield>
  <datafield tag="260" ind1=" " ind2=" ">
    <subfield code="c">2003</subfield>
  </datafield>
  <datafield tag="856" ind1="4" ind2=" ">
    <subfield code="u">http://library.web.cern.ch/library/content/ar/yellowrep/varia/annual_reports/2002_publications.pdf</subfield>
    <subfield code="y">Fulltext</subfield>
  </datafield>
  <datafield tag="962" ind1=" " ind2=" ">
    <subfield code="b">1492103</subfield>
    <subfield code="k">1-287</subfield>
    <subfield code="n">cernannualreport2002E</subfield>
    <subfield code="v">3</subfield>
    <subfield code="s">III : List of CERN publications. Catalogue of all known publications resulting from research done at CERN during the year.</subfield>
  </datafield>
  <datafield tag="980" ind1=" " ind2=" ">
    <subfield code="a">Book Chapter</subfield>
  </datafield>
  <datafield tag="145" ind1=" " ind2=" ">
    <subfield code="a">List of CERN publications</subfield>
  </datafield>
  <datafield tag="245" ind1=" " ind2=" ">
    <subfield code="a">List of CERN publications</subfield>
  </datafield>
</record>