
<record>
  <controlfield tag="003">SzGeCERN</controlfield>
  <controlfield tag="005">20121031161935.0</controlfield>
  <datafield tag="024" ind1="8" ind2=" ">
    <subfield code="a">oai:cds.cern.ch:621748</subfield>
    <subfield code="p">cerncds:FULLTEXT</subfield>
    <subfield code="p">cerncds:CERN:FULLTEXT</subfield>
    <subfield code="p">cerncds:CERN</subfield>
  </datafield>
  <datafield tag="037" ind1=" " ind2=" ">
    <subfield code="a">CERN-OPEN-2003-018</subfield>
  </datafield>
  <datafield tag="041" ind1=" " ind2=" ">
    <subfield code="a">eng</subfield>
  </datafield>
  <datafield tag="100" ind1=" " ind2=" ">
    <subfield code="a">Gasser, D</subfield>
  </datafield>
  <datafield tag="245" ind1=" " ind2=" ">
    <subfield code="a">Thermal analysis of the ambient air around a particle detector</subfield>
  </datafield>
  <datafield tag="260" ind1=" " ind2=" ">
    <subfield code="c">2003</subfield>
  </datafield>
  <datafield tag="269" ind1=" " ind2=" ">
    <subfield code="a">Geneva</subfield>
    <subfield code="b">CERN</subfield>
    <subfield code="c">29 Jan 2003</subfield>
  </datafield>
  <datafield tag="300" ind1=" " ind2=" ">
    <subfield code="a">27 p</subfield>
  </datafield>
  <datafield tag="520" ind1=" " ind2=" ">
    <subfield code="a">The ATLAS particle detector will be in operation at CERN in a few years. The so-called "end cap muon chambers", which form a sub-system of this detector, need to be aligned accurately by means of light rays. Despite the significant amount of heat released in the air by the detector, the rays must not be too much distorted by temperature difference. In order to predict ambient temperature gradient, a thermal analysis is done using a CFD (Computational Fluid Dynamics) model. Because of the complexity of ATLAS geometry, relevant assumptions need to be made in order to get a suitable model for numerical analysis and which give reliable results at the same time.</subfield>
  </datafield>
  <datafield tag="595" ind1=" " ind2=" ">
    <subfield code="a">CERN EDS</subfield>
  </datafield>
  <datafield tag="595" ind1=" " ind2=" ">
    <subfield code="a">20030623SLAC</subfield>
  </datafield>
  <datafield tag="650" ind1="1" ind2="7">
    <subfield code="2">SzGeCERN</subfield>
    <subfield code="a">Detectors and Experimental Techniques</subfield>
  </datafield>
  <datafield tag="690" ind1="C" ind2=" ">
    <subfield code="a">CERN</subfield>
  </datafield>
  <datafield tag="690" ind1="C" ind2=" ">
    <subfield code="a">PREPRINT</subfield>
  </datafield>
  <datafield tag="693" ind1=" " ind2=" ">
    <subfield code="a">CERN LHC</subfield>
    <subfield code="e">ATLAS</subfield>
  </datafield>
  <datafield tag="710" ind1=" " ind2=" ">
    <subfield code="5">ST</subfield>
  </datafield>
  <datafield tag="773" ind1=" " ind2=" ">
    <subfield code="p">Simul. Pract. Theory</subfield>
  </datafield>
  <datafield tag="859" ind1=" " ind2=" ">
    <subfield code="f">daniel.gasser@cern.ch</subfield>
  </datafield>
  <datafield tag="901" ind1=" " ind2=" ">
    <subfield code="u">CERN</subfield>
  </datafield>
  <datafield tag="909" ind1="C" ind2="O">
    <subfield code="o">oai:atlantis.cern.ch:621748</subfield>
    <subfield code="p">cerncds:FULLTEXT</subfield>
    <subfield code="p">cerncds:CERN:FULLTEXT</subfield>
    <subfield code="p">cerncds:CERN</subfield>
  </datafield>
  <datafield tag="916" ind1=" " ind2=" ">
    <subfield code="s">n</subfield>
    <subfield code="w">200326</subfield>
  </datafield>
  <datafield tag="960" ind1=" " ind2=" ">
    <subfield code="a">11</subfield>
  </datafield>
  <datafield tag="961" ind1=" " ind2=" ">
    <subfield code="c">20070529</subfield>
    <subfield code="h">1634</subfield>
    <subfield code="l">CER01</subfield>
    <subfield code="x">20030616</subfield>
  </datafield>
  <datafield tag="963" ind1=" " ind2=" ">
    <subfield code="a">PUBLIC</subfield>
  </datafield>
  <datafield tag="980" ind1=" " ind2=" ">
    <subfield code="a">PREPRINT</subfield>
  </datafield>
  <datafield tag="964" ind1=" " ind2=" ">
    <subfield code="a">0001</subfield>
  </datafield>
  <datafield tag="970" ind1=" " ind2=" ">
    <subfield code="a">002382259CER</subfield>
  </datafield>
  <datafield tag="856" ind1="4" ind2=" ">
    <subfield code="u">http://documents.cern.ch/cgi-bin/setlink?base=preprint&amp;categ=cern&amp;id=cern-open-2003-018</subfield>
    <subfield code="y">Access to fulltext document</subfield>
  </datafield>
  <datafield tag="856" ind1="4" ind2=" ">
    <subfield code="u">http://cdsweb.cern.ch/record/621748/files/open-2003-018.pdf</subfield>
    <subfield code="y">Access to fulltext document</subfield>
  </datafield>
  <datafield tag="856" ind1="4" ind2=" ">
    <subfield code="u">http://cdsweb.cern.ch/record/621748/files/open-2003-018.ps.gz</subfield>
    <subfield code="y">Access to fulltext document</subfield>
  </datafield>
</record>