
<record>
  <controlfield tag="005">20130412075137.0</controlfield>
  <datafield tag="037" ind1=" " ind2=" ">
    <subfield code="a">CMS-TEST-13-001-002</subfield>
  </datafield>
  <datafield tag="041" ind1=" " ind2=" ">
    <subfield code="a">eng</subfield>
  </datafield>
  <datafield tag="110" ind1=" " ind2=" ">
    <subfield code="a">CMS Collaboration</subfield>
  </datafield>
  <datafield tag="245" ind1=" " ind2=" ">
    <subfield code="a">test</subfield>
  </datafield>
  <datafield tag="260" ind1=" " ind2=" ">
    <subfield code="c">2013</subfield>
  </datafield>
  <datafield tag="269" ind1=" " ind2=" ">
    <subfield code="b">CERN</subfield>
    <subfield code="a">Geneva</subfield>
    <subfield code="c">12 Apr 2013</subfield>
  </datafield>
  <datafield tag="500" ind1=" " ind2=" ">
    <subfield code="a">test - please ignore if received by mistake</subfield>
  </datafield>
  <datafield tag="650" ind1="1" ind2="7">
    <subfield code="a">Particle Physics - Experiment</subfield>
    <subfield code="2">SzGeCERN</subfield>
  </datafield>
  <datafield tag="690" ind1="C" ind2=" ">
    <subfield code="a">CERN</subfield>
  </datafield>
  <datafield tag="693" ind1=" " ind2=" ">
    <subfield code="a">CERN LHC</subfield>
    <subfield code="e">CMS</subfield>
  </datafield>
  <datafield tag="710" ind1=" " ind2=" ">
    <subfield code="g">CMS Collaboration</subfield>
  </datafield>
  <datafield tag="710" ind1=" " ind2=" ">
    <subfield code="5">PH-EP</subfield>
  </datafield>
  <datafield tag="903" ind1="1" ind2=" ">
    <subfield code="a">Approval requested for number CERN-PH-EP-2013-003</subfield>
    <subfield code="b">CERN-PH-EP-2013-003</subfield>
    <subfield code="c">EPPHAPP</subfield>
    <subfield code="d">2013-04-12 07:46:10</subfield>
    <subfield code="e">2013-04-19 07:46:10</subfield>
    <subfield code="f">cds.support@cern.ch</subfield>
    <subfield code="s">waiting</subfield>
  </datafield>
  <datafield tag="903" ind1="1" ind2=" ">
    <subfield code="a">Document approved</subfield>
    <subfield code="b">CERN-PH-EP-2013-003</subfield>
    <subfield code="c">EPPHAPP</subfield>
    <subfield code="d">2013-04-12 07:48:12</subfield>
    <subfield code="f">cds.support@cern.ch</subfield>
    <subfield code="s">approved</subfield>
  </datafield>
  <datafield tag="088" ind1=" " ind2=" ">
    <subfield code="a">CERN-PH-EP-2013-003</subfield>
  </datafield>
  <datafield tag="540" ind1=" " ind2=" ">
    <subfield code="3">Preprint</subfield>
    <subfield code="a">CC-BY-3.0</subfield>
  </datafield>
  <datafield tag="542" ind1=" " ind2=" ">
    <subfield code="3">Preprint</subfield>
    <subfield code="d">CERN</subfield>
    <subfield code="g">2013</subfield>
  </datafield>
  <datafield tag="925" ind1=" " ind2=" ">
    <subfield code="b">26 Apr 2013</subfield>
  </datafield>
  <datafield tag="856" ind1="4" ind2=" ">
    <subfield code="u">http://cms.cern.ch/iCMS/analysisadmin/cadi?ancode=TEST-13-001</subfield>
    <subfield code="y">Additional information for the analysis</subfield>
  </datafield>
  <datafield tag="856" ind1="4" ind2=" ">
    <subfield code="u">http://cms.cern.ch/iCMS/analysisadmin/authorinfo?ancode=TEST-13-001</subfield>
    <subfield code="y">CMS AuthorList</subfield>
  </datafield>
  <datafield tag="856" ind1="4" ind2=" ">
    <subfield code="u">http://cdsdev.cern.ch/record/1494203</subfield>
    <subfield code="y">Previous draft version</subfield>
  </datafield>
  <datafield tag="856" ind1="4" ind2=" ">
    <subfield code="u">http://cdsdev.cern.ch/submit/direct?CMSCOM_DOC_RN=CMS-TEST-13-001-002&amp;sub=SBICMSCOM</subfield>
    <subfield code="y">Submit a comment</subfield>
  </datafield>
  <datafield tag="856" ind1="4" ind2=" ">
    <subfield code="u">http://cdsdev.cern.ch/record/1494204/files/0811006_02%20A4%20at%20144%20dpi.pdf</subfield>
  </datafield>
  <datafield tag="856" ind1="4" ind2=" ">
    <subfield code="u">http://cdsdev.cern.ch/record/1494204/files/0811006_02%20A4%20at%20144%20dpi.pdf?subformat=pdfa</subfield>
    <subfield code="x">pdfa</subfield>
  </datafield>
  <datafield tag="859" ind1=" " ind2=" ">
    <subfield code="f">cds.support@cern.ch</subfield>
  </datafield>
  <datafield tag="980" ind1=" " ind2=" ">
    <subfield code="a">CMSPUBDRAFT</subfield>
  </datafield>
</record>