
<record>
  <controlfield tag="003">SzGeCERN</controlfield>
  <controlfield tag="005">20110316112904.0</controlfield>
  <datafield tag="020" ind1=" " ind2=" ">
    <subfield code="a">2884320245</subfield>
    <subfield code="u">print version, paperback</subfield>
  </datafield>
  <datafield tag="041" ind1=" " ind2=" ">
    <subfield code="a">eng</subfield>
  </datafield>
  <datafield tag="080" ind1=" " ind2=" ">
    <subfield code="a">349.44</subfield>
  </datafield>
  <datafield tag="110" ind1=" " ind2=" ">
    <subfield code="a">Fédération internationale des ingénieurs-conseils. Lausanne</subfield>
  </datafield>
  <datafield tag="245" ind1=" " ind2=" ">
    <subfield code="a">Short form of contract</subfield>
    <subfield code="b">agreement, general conditions, rules for adjudication, notes for guidance</subfield>
  </datafield>
  <datafield tag="260" ind1=" " ind2=" ">
    <subfield code="a">Lausanne</subfield>
    <subfield code="b">FIDIC</subfield>
    <subfield code="c">1999</subfield>
  </datafield>
  <datafield tag="300" ind1=" " ind2=" ">
    <subfield code="a">multi pages</subfield>
  </datafield>
  <datafield tag="595" ind1=" " ind2=" ">
    <subfield code="a">Legal Service Library</subfield>
  </datafield>
  <datafield tag="650" ind1="1" ind2="7">
    <subfield code="2">SzGeCERN</subfield>
    <subfield code="a">Commerce, Economics, Social Science</subfield>
  </datafield>
  <datafield tag="653" ind1="1" ind2=" ">
    <subfield code="9">CERN</subfield>
    <subfield code="a">building law</subfield>
  </datafield>
  <datafield tag="653" ind1="1" ind2=" ">
    <subfield code="9">CERN</subfield>
    <subfield code="a">draft</subfield>
  </datafield>
  <datafield tag="653" ind1="1" ind2=" ">
    <subfield code="9">CERN</subfield>
    <subfield code="a">handbook</subfield>
  </datafield>
  <datafield tag="690" ind1="C" ind2=" ">
    <subfield code="a">BOOK</subfield>
  </datafield>
  <datafield tag="694" ind1=" " ind2=" ">
    <subfield code="9">CERN</subfield>
    <subfield code="a">A 31.8 a</subfield>
  </datafield>
  <datafield tag="697" ind1="C" ind2=" ">
    <subfield code="a">LEGSERLIB</subfield>
  </datafield>
  <datafield tag="916" ind1=" " ind2=" ">
    <subfield code="d">201103</subfield>
    <subfield code="s">h</subfield>
    <subfield code="w">201111</subfield>
  </datafield>
  <datafield tag="960" ind1=" " ind2=" ">
    <subfield code="a">21</subfield>
  </datafield>
  <datafield tag="961" ind1=" " ind2=" ">
    <subfield code="c">20110316</subfield>
    <subfield code="h">1129</subfield>
    <subfield code="l">CER01</subfield>
    <subfield code="x">20110316</subfield>
  </datafield>
  <datafield tag="963" ind1=" " ind2=" ">
    <subfield code="a">PUBLIC</subfield>
  </datafield>
  <datafield tag="970" ind1=" " ind2=" ">
    <subfield code="a">002954408CER</subfield>
  </datafield>
  <datafield tag="980" ind1=" " ind2=" ">
    <subfield code="a">BOOK</subfield>
  </datafield>
  <datafield tag="980" ind1=" " ind2=" ">
    <subfield code="b">LEGSERLIB</subfield>
  </datafield>
</record>