
<record>
  <datafield tag="037" ind1=" " ind2=" ">
    <subfield code="a">CMS-PHO-GEN-2012-004</subfield>
  </datafield>
  <datafield tag="700" ind1=" " ind2=" ">
    <subfield code="a">Hoch, M</subfield>
  </datafield>
  <datafield tag="700" ind1=" " ind2=" ">
    <subfield code="a">Lapka, M</subfield>
  </datafield>
  <datafield tag="700" ind1=" " ind2=" ">
    <subfield code="a">Collaboration, CMS</subfield>
  </datafield>
  <datafield tag="700" ind1=" " ind2=" ">
    <subfield code="a">Taylor, L</subfield>
  </datafield>
  <datafield tag="700" ind1=" " ind2=" ">
    <subfield code="a">McCauley, T</subfield>
  </datafield>
  <datafield tag="245" ind1=" " ind2=" ">
    <subfield code="a">Selection of images for CMS Calendar 2013</subfield>
  </datafield>
  <datafield tag="260" ind1=" " ind2=" ">
    <subfield code="c">2012</subfield>
  </datafield>
  <datafield tag="269" ind1=" " ind2=" ">
    <subfield code="a">Geneva</subfield>
    <subfield code="b">CERN</subfield>
    <subfield code="c">19/10/2012</subfield>
  </datafield>
  <datafield tag="500" ind1=" " ind2=" ">
    <subfield code="a">CMS Collection.</subfield>
  </datafield>
  <datafield tag="506" ind1=" " ind2=" ">
    <subfield code="a">restricted</subfield>
  </datafield>
  <datafield tag="542" ind1=" " ind2=" ">
    <subfield code="d">CERN</subfield>
    <subfield code="f">© 2012 CERN, for the benefit of the CMS Collaboration</subfield>
    <subfield code="g">2012</subfield>
  </datafield>
  <datafield tag="595" ind1=" " ind2=" ">
    <subfield code="a">CERN EDS</subfield>
  </datafield>
  <datafield tag="650" ind1="1" ind2="7">
    <subfield code="2">SzGeCERN</subfield>
    <subfield code="a">CMS General</subfield>
  </datafield>
  <datafield tag="856" ind1="4" ind2=" ">
    <subfield code="q">http://cdsweb.cern.ch/record/1486021/files/</subfield>
    <subfield code="x">icon</subfield>
  </datafield>
  <datafield tag="856" ind1="4" ind2=" ">
    <subfield code="u">http://cdsweb.cern.ch/record/1486021/files/</subfield>
    <subfield code="y"></subfield>
  </datafield>
  <datafield tag="856" ind1="4" ind2=" ">
    <subfield code="u">http://cdsweb.cern.ch/record/1486021/files/Fig2-eemm_run195099_evt137440354_ispy_3d-annotated-2.png</subfield>
    <subfield code="z">Event recorded with the CMS detector in 2012 at a proton-proton centre of mass energy of 8 TeV. The event shows characteristics expected from the decay of the SM Higgs boson to a pair of Z bosons, one of which subsequently decays to a pair of electrons (green lines and green towers) and the other Z decays to a pair of muons (red lines). The event could also be due to known standard model background processes. (https://cdsweb.cern.ch/record/1459463 )</subfield>
  </datafield>
  <datafield tag="856" ind1="4" ind2=" ">
    <subfield code="u">http://cdsweb.cern.ch/record/1486021/files/Fig2-eemm_run195099_evt137440354_ispy_3d-annotated-2.gif?subformat=icon</subfield>
    <subfield code="x">icon</subfield>
    <subfield code="z">Event recorded with the CMS detector in 2012 at a proton-proton centre of mass energy of 8 TeV. The event shows characteristics expected from the decay of the SM Higgs boson to a pair of Z bosons, one of which subsequently decays to a pair of electrons (green lines and green towers) and the other Z decays to a pair of muons (red lines). The event could also be due to known standard model background processes. (https://cdsweb.cern.ch/record/1459463 )</subfield>
  </datafield>
  <datafield tag="856" ind1="4" ind2=" ">
    <subfield code="u">http://cdsweb.cern.ch/record/1486021/files/Fig2-eemm_run195099_evt137440354_ispy_3d-annotated-2.gif?subformat=icon-640</subfield>
    <subfield code="x">icon-640</subfield>
    <subfield code="z">Event recorded with the CMS detector in 2012 at a proton-proton centre of mass energy of 8 TeV. The event shows characteristics expected from the decay of the SM Higgs boson to a pair of Z bosons, one of which subsequently decays to a pair of electrons (green lines and green towers) and the other Z decays to a pair of muons (red lines). The event could also be due to known standard model background processes. (https://cdsweb.cern.ch/record/1459463 )</subfield>
  </datafield>
  <datafield tag="856" ind1="4" ind2=" ">
    <subfield code="u">http://cdsweb.cern.ch/record/1486021/files/4e-run167675-876658967-3D-highres_1.png</subfield>
    <subfield code="z">(ZZ-4e) 4e-run167675-876658967-3D-highres from: Document 6233-v2  </subfield>
  </datafield>
  <datafield tag="856" ind1="4" ind2=" ">
    <subfield code="u">http://cdsweb.cern.ch/record/1486021/files/4e-run167675-876658967-3D-highres_1.gif?subformat=icon</subfield>
    <subfield code="x">icon</subfield>
    <subfield code="z">(ZZ-4e) 4e-run167675-876658967-3D-highres from: Document 6233-v2  </subfield>
  </datafield>
  <datafield tag="856" ind1="4" ind2=" ">
    <subfield code="u">http://cdsweb.cern.ch/record/1486021/files/4mu-run172822-event2554393033-RZ-highres_1.png</subfield>
    <subfield code="z">(ZZ-4mu) 4mu-run172822-event2554393033-RZ-highres 
From: Document 6233-v2  </subfield>
  </datafield>
  <datafield tag="856" ind1="4" ind2=" ">
    <subfield code="u">http://cdsweb.cern.ch/record/1486021/files/VHbb-run167807-event149404739-rphi.highres_2.png</subfield>
    <subfield code="z">(H-bb) VHbb-run167807-event149404739-rphi.highres.png  From: https://cms-docdb.cern.ch/cgi-bin/DocDB/ShowDocument?docid=6233 </subfield>
  </datafield>
  <datafield tag="856" ind1="4" ind2=" ">
    <subfield code="u">http://cdsweb.cern.ch/record/1486021/files/WW-to-enu-munu-run191247-event398701455-rphi-highres_1.png</subfield>
    <subfield code="z">(H-WW) WW-to-enu-munu-run191247-event398701455-rphi-highres</subfield>
  </datafield>
  <datafield tag="856" ind1="4" ind2=" ">
    <subfield code="u">http://cdsweb.cern.ch/record/1486021/files/4e-run167675-876658967-3D-highres_1.gif?subformat=icon-640</subfield>
    <subfield code="x">icon-640</subfield>
    <subfield code="z">(ZZ-4e) 4e-run167675-876658967-3D-highres from: Document 6233-v2  </subfield>
  </datafield>
  <datafield tag="856" ind1="4" ind2=" ">
    <subfield code="u">http://cdsweb.cern.ch/record/1486021/files/4mu-run172822-event2554393033-RZ-highres_1.gif?subformat=icon</subfield>
    <subfield code="x">icon</subfield>
    <subfield code="z">(ZZ-4mu) 4mu-run172822-event2554393033-RZ-highres 
From: Document 6233-v2  </subfield>
  </datafield>
  <datafield tag="856" ind1="4" ind2=" ">
    <subfield code="u">http://cdsweb.cern.ch/record/1486021/files/4mu-run172822-event2554393033-RZ-highres_1.gif?subformat=icon-640</subfield>
    <subfield code="x">icon-640</subfield>
    <subfield code="z">(ZZ-4mu) 4mu-run172822-event2554393033-RZ-highres 
From: Document 6233-v2  </subfield>
  </datafield>
  <datafield tag="856" ind1="4" ind2=" ">
    <subfield code="u">http://cdsweb.cern.ch/record/1486021/files/VHbb-run167807-event149404739-rphi.highres_2.gif?subformat=icon</subfield>
    <subfield code="x">icon</subfield>
    <subfield code="z">(H-bb) VHbb-run167807-event149404739-rphi.highres.png  From: https://cms-docdb.cern.ch/cgi-bin/DocDB/ShowDocument?docid=6233 </subfield>
  </datafield>
  <datafield tag="856" ind1="4" ind2=" ">
    <subfield code="u">http://cdsweb.cern.ch/record/1486021/files/VHbb-run167807-event149404739-rphi.highres_2.gif?subformat=icon-640</subfield>
    <subfield code="x">icon-640</subfield>
    <subfield code="z">(H-bb) VHbb-run167807-event149404739-rphi.highres.png  From: https://cms-docdb.cern.ch/cgi-bin/DocDB/ShowDocument?docid=6233 </subfield>
  </datafield>
  <datafield tag="856" ind1="4" ind2=" ">
    <subfield code="u">http://cdsweb.cern.ch/record/1486021/files/WW-to-enu-munu-run191247-event398701455-rphi-highres_1.gif?subformat=icon</subfield>
    <subfield code="x">icon</subfield>
    <subfield code="z">(H-WW) WW-to-enu-munu-run191247-event398701455-rphi-highres</subfield>
  </datafield>
  <datafield tag="856" ind1="4" ind2=" ">
    <subfield code="u">http://cdsweb.cern.ch/record/1486021/files/WW-to-enu-munu-run191247-event398701455-rphi-highres_1.gif?subformat=icon-640</subfield>
    <subfield code="x">icon-640</subfield>
    <subfield code="z">(H-WW) WW-to-enu-munu-run191247-event398701455-rphi-highres</subfield>
  </datafield>
  <datafield tag="856" ind1="4" ind2=" ">
    <subfield code="u">http://cdsweb.cern.ch/record/1486021/files/CMScollaboration_2012.jpg</subfield>
    <subfield code="z">https://cdsweb.cern.ch/record/1474884 </subfield>
  </datafield>
  <datafield tag="856" ind1="4" ind2=" ">
    <subfield code="u">http://cdsweb.cern.ch/record/1486021/files/CMScollaboration_2012.gif?subformat=icon</subfield>
    <subfield code="x">icon</subfield>
    <subfield code="z">https://cdsweb.cern.ch/record/1474884 </subfield>
  </datafield>
  <datafield tag="856" ind1="4" ind2=" ">
    <subfield code="u">http://cdsweb.cern.ch/record/1486021/files/1207136_32.jpg</subfield>
    <subfield code="z">https://cdsweb.cern.ch/record/1459503 </subfield>
  </datafield>
  <datafield tag="856" ind1="4" ind2=" ">
    <subfield code="u">http://cdsweb.cern.ch/record/1486021/files/1207136_32.gif?subformat=icon</subfield>
    <subfield code="x">icon</subfield>
    <subfield code="z">https://cdsweb.cern.ch/record/1459503 </subfield>
  </datafield>
  <datafield tag="856" ind1="4" ind2=" ">
    <subfield code="u">http://cdsweb.cern.ch/record/1486021/files/1207136_32.gif?subformat=icon-640</subfield>
    <subfield code="x">icon-640</subfield>
    <subfield code="z">https://cdsweb.cern.ch/record/1459503 </subfield>
  </datafield>
  <datafield tag="856" ind1="4" ind2=" ">
    <subfield code="u">http://cdsweb.cern.ch/record/1486021/files/CMScollaboration_2012.gif?subformat=icon-640</subfield>
    <subfield code="x">icon-640</subfield>
    <subfield code="z">https://cdsweb.cern.ch/record/1474884 </subfield>
  </datafield>
  <datafield tag="856" ind1="4" ind2=" ">
    <subfield code="u">http://cdsweb.cern.ch/record/1486021/files/_MG_8697b_1.jpg</subfield>
    <subfield code="z">https://cdsweb.cern.ch/record/1460446 </subfield>
  </datafield>
  <datafield tag="856" ind1="4" ind2=" ">
    <subfield code="u">http://cdsweb.cern.ch/record/1486021/files/_MG_8697b_1.gif?subformat=icon</subfield>
    <subfield code="x">icon</subfield>
    <subfield code="z">https://cdsweb.cern.ch/record/1460446 </subfield>
  </datafield>
  <datafield tag="856" ind1="4" ind2=" ">
    <subfield code="u">http://cdsweb.cern.ch/record/1486021/files/_MG_8713b_1.jpg</subfield>
    <subfield code="z">https://cdsweb.cern.ch/record/1460446 </subfield>
  </datafield>
  <datafield tag="856" ind1="4" ind2=" ">
    <subfield code="u">http://cdsweb.cern.ch/record/1486021/files/_MG_8713b_1.gif?subformat=icon</subfield>
    <subfield code="x">icon</subfield>
    <subfield code="z">https://cdsweb.cern.ch/record/1460446 </subfield>
  </datafield>
  <datafield tag="856" ind1="4" ind2=" ">
    <subfield code="u">http://cdsweb.cern.ch/record/1486021/files/_MG_8713b_1.gif?subformat=icon-640</subfield>
    <subfield code="x">icon-640</subfield>
    <subfield code="z">https://cdsweb.cern.ch/record/1460446 </subfield>
  </datafield>
  <datafield tag="856" ind1="4" ind2=" ">
    <subfield code="u">http://cdsweb.cern.ch/record/1486021/files/_MG_8697b_1.gif?subformat=icon-640</subfield>
    <subfield code="x">icon-640</subfield>
    <subfield code="z">https://cdsweb.cern.ch/record/1460446 </subfield>
  </datafield>
  <datafield tag="856" ind1="4" ind2=" ">
    <subfield code="u">http://cdsweb.cern.ch/record/1486021/files/1207136_38.jpg</subfield>
    <subfield code="z">https://cdsweb.cern.ch/record/1459503 </subfield>
  </datafield>
  <datafield tag="856" ind1="4" ind2=" ">
    <subfield code="u">http://cdsweb.cern.ch/record/1486021/files/1207136_38.gif?subformat=icon</subfield>
    <subfield code="x">icon</subfield>
    <subfield code="z">https://cdsweb.cern.ch/record/1459503 </subfield>
  </datafield>
  <datafield tag="856" ind1="4" ind2=" ">
    <subfield code="u">http://cdsweb.cern.ch/record/1486021/files/1207136_38.gif?subformat=icon-640</subfield>
    <subfield code="x">icon-640</subfield>
    <subfield code="z">https://cdsweb.cern.ch/record/1459503 </subfield>
  </datafield>
  <datafield tag="856" ind1="4" ind2=" ">
    <subfield code="u">http://cdsweb.cern.ch/record/1486021/files/cover.gif</subfield>
    <subfield code="z">https://cdsweb.cern.ch/record/1480620 We can probably use that image / Elsevier is preparing a special disclosure for us.</subfield>
  </datafield>
  <datafield tag="856" ind1="4" ind2=" ">
    <subfield code="u">http://cdsweb.cern.ch/record/1486021/files/cover.gif?subformat=icon</subfield>
    <subfield code="x">icon</subfield>
    <subfield code="z">https://cdsweb.cern.ch/record/1480620 We can probably use that image / Elsevier is preparing a special disclosure for us.</subfield>
  </datafield>
  <datafield tag="856" ind1="4" ind2=" ">
    <subfield code="u">http://cdsweb.cern.ch/record/1486021/files/cover.gif?subformat=icon-640</subfield>
    <subfield code="x">icon-640</subfield>
    <subfield code="z">https://cdsweb.cern.ch/record/1480620 We can probably use that image / Elsevier is preparing a special disclosure for us.</subfield>
  </datafield>
  <datafield tag="856" ind1="4" ind2=" ">
    <subfield code="u">http://cdsweb.cern.ch/record/1486021/files/20090123_175C.jpg</subfield>
  </datafield>
  <datafield tag="856" ind1="4" ind2=" ">
    <subfield code="u">http://cdsweb.cern.ch/record/1486021/files/20090123_217C.jpg</subfield>
  </datafield>
  <datafield tag="856" ind1="4" ind2=" ">
    <subfield code="u">http://cdsweb.cern.ch/record/1486021/files/20090526_014C.jpg</subfield>
  </datafield>
  <datafield tag="856" ind1="4" ind2=" ">
    <subfield code="u">http://cdsweb.cern.ch/record/1486021/files/20090601_070C.jpg</subfield>
  </datafield>
  <datafield tag="856" ind1="4" ind2=" ">
    <subfield code="u">http://cdsweb.cern.ch/record/1486021/files/20090601_095C.jpg</subfield>
  </datafield>
  <datafield tag="856" ind1="4" ind2=" ">
    <subfield code="u">http://cdsweb.cern.ch/record/1486021/files/20090601_133b.jpg</subfield>
  </datafield>
  <datafield tag="856" ind1="4" ind2=" ">
    <subfield code="u">http://cdsweb.cern.ch/record/1486021/files/DSC_6119b.jpg</subfield>
  </datafield>
  <datafield tag="856" ind1="4" ind2=" ">
    <subfield code="u">http://cdsweb.cern.ch/record/1486021/files/FonsRadermakers.jpg</subfield>
  </datafield>
  <datafield tag="856" ind1="4" ind2=" ">
    <subfield code="u">http://cdsweb.cern.ch/record/1486021/files/IMG_0188C.jpg</subfield>
  </datafield>
  <datafield tag="856" ind1="4" ind2=" ">
    <subfield code="u">http://cdsweb.cern.ch/record/1486021/files/VersoUnNovoMondo.jpg</subfield>
  </datafield>
  <datafield tag="856" ind1="4" ind2=" ">
    <subfield code="u">http://cdsweb.cern.ch/record/1486021/files/_DSC7138C.jpg</subfield>
  </datafield>
  <datafield tag="856" ind1="4" ind2=" ">
    <subfield code="u">http://cdsweb.cern.ch/record/1486021/files/_DSC7209C.jpg</subfield>
  </datafield>
  <datafield tag="856" ind1="4" ind2=" ">
    <subfield code="u">http://cdsweb.cern.ch/record/1486021/files/_DSC7264CC.jpg</subfield>
  </datafield>
  <datafield tag="856" ind1="4" ind2=" ">
    <subfield code="u">http://cdsweb.cern.ch/record/1486021/files/gammagamma_run194108_evt564224000_ispy_rphi_vers1.jpg</subfield>
  </datafield>
  <datafield tag="856" ind1="4" ind2=" ">
    <subfield code="u">http://cdsweb.cern.ch/record/1486021/files/gammagamma_run194108_evt564224000_ispy_rz_vers1.jpg</subfield>
  </datafield>
  <datafield tag="856" ind1="4" ind2=" ">
    <subfield code="u">http://cdsweb.cern.ch/record/1486021/files/gammagamma_run194108_evt564224000_ispy_rz_vers2.jpg</subfield>
  </datafield>
  <datafield tag="856" ind1="4" ind2=" ">
    <subfield code="u">http://cdsweb.cern.ch/record/1486021/files/20090123_175C.gif?subformat=icon</subfield>
    <subfield code="x">icon</subfield>
  </datafield>
  <datafield tag="856" ind1="4" ind2=" ">
    <subfield code="u">http://cdsweb.cern.ch/record/1486021/files/20090123_175C.gif?subformat=icon-640</subfield>
    <subfield code="x">icon-640</subfield>
  </datafield>
  <datafield tag="856" ind1="4" ind2=" ">
    <subfield code="u">http://cdsweb.cern.ch/record/1486021/files/20090123_217C.gif?subformat=icon</subfield>
    <subfield code="x">icon</subfield>
  </datafield>
  <datafield tag="856" ind1="4" ind2=" ">
    <subfield code="u">http://cdsweb.cern.ch/record/1486021/files/20090123_217C.gif?subformat=icon-640</subfield>
    <subfield code="x">icon-640</subfield>
  </datafield>
  <datafield tag="856" ind1="4" ind2=" ">
    <subfield code="u">http://cdsweb.cern.ch/record/1486021/files/20090526_014C.gif?subformat=icon</subfield>
    <subfield code="x">icon</subfield>
  </datafield>
  <datafield tag="856" ind1="4" ind2=" ">
    <subfield code="u">http://cdsweb.cern.ch/record/1486021/files/20090526_014C.gif?subformat=icon-640</subfield>
    <subfield code="x">icon-640</subfield>
  </datafield>
  <datafield tag="856" ind1="4" ind2=" ">
    <subfield code="u">http://cdsweb.cern.ch/record/1486021/files/20090601_070C.gif?subformat=icon</subfield>
    <subfield code="x">icon</subfield>
  </datafield>
  <datafield tag="856" ind1="4" ind2=" ">
    <subfield code="u">http://cdsweb.cern.ch/record/1486021/files/20090601_070C.gif?subformat=icon-640</subfield>
    <subfield code="x">icon-640</subfield>
  </datafield>
  <datafield tag="856" ind1="4" ind2=" ">
    <subfield code="u">http://cdsweb.cern.ch/record/1486021/files/20090601_095C.gif?subformat=icon</subfield>
    <subfield code="x">icon</subfield>
  </datafield>
  <datafield tag="856" ind1="4" ind2=" ">
    <subfield code="u">http://cdsweb.cern.ch/record/1486021/files/20090601_095C.gif?subformat=icon-640</subfield>
    <subfield code="x">icon-640</subfield>
  </datafield>
  <datafield tag="856" ind1="4" ind2=" ">
    <subfield code="u">http://cdsweb.cern.ch/record/1486021/files/20090601_133b.gif?subformat=icon</subfield>
    <subfield code="x">icon</subfield>
  </datafield>
  <datafield tag="856" ind1="4" ind2=" ">
    <subfield code="u">http://cdsweb.cern.ch/record/1486021/files/20090601_133b.gif?subformat=icon-640</subfield>
    <subfield code="x">icon-640</subfield>
  </datafield>
  <datafield tag="856" ind1="4" ind2=" ">
    <subfield code="u">http://cdsweb.cern.ch/record/1486021/files/DSC_6119b.gif?subformat=icon</subfield>
    <subfield code="x">icon</subfield>
  </datafield>
  <datafield tag="856" ind1="4" ind2=" ">
    <subfield code="u">http://cdsweb.cern.ch/record/1486021/files/DSC_6119b.gif?subformat=icon-640</subfield>
    <subfield code="x">icon-640</subfield>
  </datafield>
  <datafield tag="856" ind1="4" ind2=" ">
    <subfield code="u">http://cdsweb.cern.ch/record/1486021/files/FonsRadermakers.gif?subformat=icon</subfield>
    <subfield code="x">icon</subfield>
  </datafield>
  <datafield tag="856" ind1="4" ind2=" ">
    <subfield code="u">http://cdsweb.cern.ch/record/1486021/files/FonsRadermakers.gif?subformat=icon-640</subfield>
    <subfield code="x">icon-640</subfield>
  </datafield>
  <datafield tag="856" ind1="4" ind2=" ">
    <subfield code="u">http://cdsweb.cern.ch/record/1486021/files/IMG_0188C.gif?subformat=icon</subfield>
    <subfield code="x">icon</subfield>
  </datafield>
  <datafield tag="856" ind1="4" ind2=" ">
    <subfield code="u">http://cdsweb.cern.ch/record/1486021/files/IMG_0188C.gif?subformat=icon-640</subfield>
    <subfield code="x">icon-640</subfield>
  </datafield>
  <datafield tag="856" ind1="4" ind2=" ">
    <subfield code="u">http://cdsweb.cern.ch/record/1486021/files/VersoUnNovoMondo.gif?subformat=icon</subfield>
    <subfield code="x">icon</subfield>
  </datafield>
  <datafield tag="856" ind1="4" ind2=" ">
    <subfield code="u">http://cdsweb.cern.ch/record/1486021/files/VersoUnNovoMondo.gif?subformat=icon-640</subfield>
    <subfield code="x">icon-640</subfield>
  </datafield>
  <datafield tag="856" ind1="4" ind2=" ">
    <subfield code="u">http://cdsweb.cern.ch/record/1486021/files/_DSC7138C.gif?subformat=icon</subfield>
    <subfield code="x">icon</subfield>
  </datafield>
  <datafield tag="856" ind1="4" ind2=" ">
    <subfield code="u">http://cdsweb.cern.ch/record/1486021/files/_DSC7138C.gif?subformat=icon-640</subfield>
    <subfield code="x">icon-640</subfield>
  </datafield>
  <datafield tag="856" ind1="4" ind2=" ">
    <subfield code="u">http://cdsweb.cern.ch/record/1486021/files/_DSC7209C.gif?subformat=icon</subfield>
    <subfield code="x">icon</subfield>
  </datafield>
  <datafield tag="856" ind1="4" ind2=" ">
    <subfield code="u">http://cdsweb.cern.ch/record/1486021/files/_DSC7209C.gif?subformat=icon-640</subfield>
    <subfield code="x">icon-640</subfield>
  </datafield>
  <datafield tag="856" ind1="4" ind2=" ">
    <subfield code="u">http://cdsweb.cern.ch/record/1486021/files/_DSC7264CC.gif?subformat=icon</subfield>
    <subfield code="x">icon</subfield>
  </datafield>
  <datafield tag="856" ind1="4" ind2=" ">
    <subfield code="u">http://cdsweb.cern.ch/record/1486021/files/_DSC7264CC.gif?subformat=icon-640</subfield>
    <subfield code="x">icon-640</subfield>
  </datafield>
  <datafield tag="856" ind1="4" ind2=" ">
    <subfield code="u">http://cdsweb.cern.ch/record/1486021/files/gammagamma_run194108_evt564224000_ispy_rphi_vers1.gif?subformat=icon</subfield>
    <subfield code="x">icon</subfield>
  </datafield>
  <datafield tag="856" ind1="4" ind2=" ">
    <subfield code="u">http://cdsweb.cern.ch/record/1486021/files/gammagamma_run194108_evt564224000_ispy_rphi_vers1.gif?subformat=icon-640</subfield>
    <subfield code="x">icon-640</subfield>
  </datafield>
  <datafield tag="856" ind1="4" ind2=" ">
    <subfield code="u">http://cdsweb.cern.ch/record/1486021/files/gammagamma_run194108_evt564224000_ispy_rz_vers1.gif?subformat=icon</subfield>
    <subfield code="x">icon</subfield>
  </datafield>
  <datafield tag="856" ind1="4" ind2=" ">
    <subfield code="u">http://cdsweb.cern.ch/record/1486021/files/gammagamma_run194108_evt564224000_ispy_rz_vers1.gif?subformat=icon-640</subfield>
    <subfield code="x">icon-640</subfield>
  </datafield>
  <datafield tag="856" ind1="4" ind2=" ">
    <subfield code="u">http://cdsweb.cern.ch/record/1486021/files/gammagamma_run194108_evt564224000_ispy_rz_vers2.gif?subformat=icon</subfield>
    <subfield code="x">icon</subfield>
  </datafield>
  <datafield tag="856" ind1="4" ind2=" ">
    <subfield code="u">http://cdsweb.cern.ch/record/1486021/files/gammagamma_run194108_evt564224000_ispy_rz_vers2.gif?subformat=icon-640</subfield>
    <subfield code="x">icon-640</subfield>
  </datafield>
  <datafield tag="856" ind1="4" ind2=" ">
    <subfield code="u">http://cdsweb.cern.ch/record/1486021/files/Fig3-MassFactSoBWeightedMass.png</subfield>
    <subfield code="z">https://cdsweb.cern.ch/record/1459463/ </subfield>
  </datafield>
  <datafield tag="856" ind1="4" ind2=" ">
    <subfield code="u">http://cdsweb.cern.ch/record/1486021/files/Fig4-ZZMass_7Plus8TeV_70-180_3GeV.png</subfield>
    <subfield code="z">https://cdsweb.cern.ch/record/1459463/ </subfield>
  </datafield>
  <datafield tag="856" ind1="4" ind2=" ">
    <subfield code="u">http://cdsweb.cern.ch/record/1486021/files/Fig5-local-p-value.png</subfield>
    <subfield code="z">https://cdsweb.cern.ch/record/1459463/ </subfield>
  </datafield>
  <datafield tag="856" ind1="4" ind2=" ">
    <subfield code="u">http://cdsweb.cern.ch/record/1486021/files/Fig3-MassFactSoBWeightedMass.gif?subformat=icon</subfield>
    <subfield code="x">icon</subfield>
    <subfield code="z">https://cdsweb.cern.ch/record/1459463/ </subfield>
  </datafield>
  <datafield tag="856" ind1="4" ind2=" ">
    <subfield code="u">http://cdsweb.cern.ch/record/1486021/files/Fig3-MassFactSoBWeightedMass.gif?subformat=icon-640</subfield>
    <subfield code="x">icon-640</subfield>
    <subfield code="z">https://cdsweb.cern.ch/record/1459463/ </subfield>
  </datafield>
  <datafield tag="856" ind1="4" ind2=" ">
    <subfield code="u">http://cdsweb.cern.ch/record/1486021/files/Fig4-ZZMass_7Plus8TeV_70-180_3GeV.gif?subformat=icon</subfield>
    <subfield code="x">icon</subfield>
    <subfield code="z">https://cdsweb.cern.ch/record/1459463/ </subfield>
  </datafield>
  <datafield tag="856" ind1="4" ind2=" ">
    <subfield code="u">http://cdsweb.cern.ch/record/1486021/files/Fig4-ZZMass_7Plus8TeV_70-180_3GeV.gif?subformat=icon-640</subfield>
    <subfield code="x">icon-640</subfield>
    <subfield code="z">https://cdsweb.cern.ch/record/1459463/ </subfield>
  </datafield>
  <datafield tag="856" ind1="4" ind2=" ">
    <subfield code="u">http://cdsweb.cern.ch/record/1486021/files/Fig5-local-p-value.gif?subformat=icon</subfield>
    <subfield code="x">icon</subfield>
    <subfield code="z">https://cdsweb.cern.ch/record/1459463/ </subfield>
  </datafield>
  <datafield tag="856" ind1="4" ind2=" ">
    <subfield code="u">http://cdsweb.cern.ch/record/1486021/files/Fig5-local-p-value.gif?subformat=icon-640</subfield>
    <subfield code="x">icon-640</subfield>
    <subfield code="z">https://cdsweb.cern.ch/record/1459463/ </subfield>
  </datafield>
  <datafield tag="856" ind1="4" ind2=" ">
    <subfield code="u">http://cdsweb.cern.ch/record/1486021/files/1207136_47-A4-at-144-dpi_2.jpg</subfield>
  </datafield>
  <datafield tag="856" ind1="4" ind2=" ">
    <subfield code="u">http://cdsweb.cern.ch/record/1486021/files/1207136_47-A4-at-144-dpi_2.gif?subformat=icon</subfield>
    <subfield code="x">icon</subfield>
  </datafield>
  <datafield tag="856" ind1="4" ind2=" ">
    <subfield code="u">http://cdsweb.cern.ch/record/1486021/files/1207136_47-A4-at-144-dpi_2.gif?subformat=icon-640</subfield>
    <subfield code="x">icon-640</subfield>
  </datafield>
  <datafield tag="856" ind1="4" ind2=" ">
    <subfield code="u">http://cdsweb.cern.ch/record/1486021/files/gammagamma_run194108_evt564224000_ispy_3d_highres-lessecal.png</subfield>
    <subfield code="z">(H-gamma gamma) From:https://cms-docdb.cern.ch/cgi-bin/DocDB/ShowDocument?docid=6233</subfield>
  </datafield>
  <datafield tag="856" ind1="4" ind2=" ">
    <subfield code="u">http://cdsweb.cern.ch/record/1486021/files/gammagamma_run194108_evt564224000_ispy_3d_highres-lessecal.gif?subformat=icon</subfield>
    <subfield code="x">icon</subfield>
    <subfield code="z">(H-gamma gamma) From:https://cms-docdb.cern.ch/cgi-bin/DocDB/ShowDocument?docid=6233</subfield>
  </datafield>
  <datafield tag="856" ind1="4" ind2=" ">
    <subfield code="u">http://cdsweb.cern.ch/record/1486021/files/gammagamma_run194108_evt564224000_ispy_3d_highres-lessecal.gif?subformat=icon-640</subfield>
    <subfield code="x">icon-640</subfield>
    <subfield code="z">(H-gamma gamma) From:https://cms-docdb.cern.ch/cgi-bin/DocDB/ShowDocument?docid=6233</subfield>
  </datafield>
  <datafield tag="859" ind1=" " ind2=" ">
    <subfield code="f">marzena.lapka@cern.ch</subfield>
  </datafield>
  <datafield tag="916" ind1=" " ind2=" ">
    <subfield code="s">n</subfield>
    <subfield code="w">201242</subfield>
  </datafield>
  <datafield tag="923" ind1=" " ind2=" ">
    <subfield code="p">CERN</subfield>
  </datafield>
  <datafield tag="960" ind1=" " ind2=" ">
    <subfield code="a">86</subfield>
  </datafield>
  <datafield tag="963" ind1=" " ind2=" ">
    <subfield code="a">PUBLIC</subfield>
  </datafield>
  <datafield tag="980" ind1=" " ind2=" ">
    <subfield code="a">PHOTOCMS</subfield>
  </datafield>
</record>