
<record>
  <controlfield tag="005">20130226141828.0</controlfield>
  <datafield tag="590" ind1=" " ind2=" ">
    <subfield code="b">&lt;!--HTML--> &lt;p> Les membres du personnel ayant un ou plusieurs enfants &amp;agrave; charge &amp;acirc;g&amp;eacute;s de 20 &amp;agrave; 25 ans (ou atteignant 20 ans au cours de l&amp;#39;ann&amp;eacute;e scolaire 2012/2013), pour lesquels une allocation pour enfant &amp;agrave; charge est vers&amp;eacute;e, sont invit&amp;eacute;s &amp;agrave; faire parvenir au Service des frais d&amp;rsquo;&amp;eacute;ducation un&lt;/p> &lt;p> &amp;nbsp;&lt;/p> &lt;p style="text-align: center;"> &lt;b>CERTIFICAT DE SCOLARIT&amp;Eacute;.&lt;/b>&lt;/p> &lt;p> &amp;nbsp;&lt;/p> &lt;p> En l&amp;rsquo;absence de certificat de scolarit&amp;eacute; &lt;b>d&amp;rsquo;ici au 31 octobre 2012 au&lt;/b> &lt;b>plus tard&lt;/b>, ou autre justificatif valable (contrat de stage, d&amp;rsquo;apprentissage, etc.) couvrant votre / vos enfant(s) pour l&amp;rsquo;ann&amp;eacute;e scolaire 2012/2013, nous serons dans l&amp;rsquo;obligation d&amp;rsquo;arr&amp;ecirc;ter le versement de l&amp;rsquo;allocation pour enfant &amp;agrave; charge ainsi que l&amp;rsquo;assurance maladie &amp;agrave; la date pertinente et le cas &amp;eacute;ch&amp;eacute;ant r&amp;eacute;troactivement.&lt;/p> &lt;p> &amp;nbsp;&lt;/p> &lt;p style="text-align: right;"> &lt;em>Service des frais d&amp;rsquo;&amp;eacute;ducation&lt;br /> HR/CB-B&lt;/em>&lt;br /> &lt;em>Mailbox C20000&lt;/em>&lt;br /> &lt;em>&lt;a href="mailto:schoolfees.service@cern.ch">schoolfees.service@cern.ch&lt;/a>&lt;/em>&lt;br /> &lt;em>T&amp;eacute;l. 72862 / 71421&lt;/em>&lt;/p></subfield>
  </datafield>
  <datafield tag="595" ind1=" " ind2=" ">
    <subfield code="a">CERN Bulletin</subfield>
  </datafield>
  <datafield tag="595" ind1=" " ind2=" ">
    <subfield code="a">noicon</subfield>
  </datafield>
  <datafield tag="594" ind1=" " ind2=" ">
    <subfield code="a">NO</subfield>
  </datafield>
  <datafield tag="773" ind1=" " ind2=" ">
    <subfield code="c">1</subfield>
    <subfield code="n">41/2012</subfield>
    <subfield code="t">CERN Bulletin</subfield>
  </datafield>
  <datafield tag="773" ind1=" " ind2=" ">
    <subfield code="c">1</subfield>
    <subfield code="n">42/2012</subfield>
    <subfield code="t">CERN Bulletin</subfield>
  </datafield>
  <datafield tag="773" ind1=" " ind2=" ">
    <subfield code="c">1</subfield>
    <subfield code="n">43/2012</subfield>
    <subfield code="t">CERN Bulletin</subfield>
  </datafield>
  <datafield tag="773" ind1=" " ind2=" ">
    <subfield code="c">1</subfield>
    <subfield code="n">44/2012</subfield>
    <subfield code="t">CERN Bulletin</subfield>
  </datafield>
  <datafield tag="980" ind1=" " ind2=" ">
    <subfield code="a">BULLETINOFFICIAL</subfield>
  </datafield>
  <datafield tag="859" ind1=" " ind2=" ">
    <subfield code="f">student.journalist@cern.ch</subfield>
  </datafield>
  <datafield tag="245" ind1=" " ind2=" ">
    <subfield code="a">REMINDER: Extension/suppression of allowance for dependent children aged 20 to 25</subfield>
  </datafield>
  <datafield tag="260" ind1=" " ind2=" ">
    <subfield code="c">2012</subfield>
  </datafield>
  <datafield tag="520" ind1=" " ind2=" ">
    <subfield code="b">&lt;!--HTML--> &lt;p> Members of the personnel with dependent children aged 20 to 25 (or reaching 20 during the 2012/2013 school year), for whom an allowance for dependent children is currently paid, are invited to provide the Education fees service with a&lt;/p> &lt;p> &amp;nbsp;&lt;/p> &lt;p style="text-align: center;"> &lt;b>SCHOOL CERTIFICATE.&lt;/b>&lt;/p> &lt;p style="text-align: center;"> &amp;nbsp;&lt;/p> &lt;p> Unless we receive, &lt;b>by October 31, 2012 at the latest&lt;/b>, a school certificate or similar written proof (contract of work placement, sandwich courses or apprenticeship) covering your child / children for the school year 2012/2013, we will be obliged to stop payment of the allowance for dependent children as well as affiliation to the health insurance at the appropriate date and retroactively if necessary.&lt;/p> &lt;p> &amp;nbsp;&lt;/p> &lt;p style="text-align: right;"> &lt;em>Education fees service&lt;br /> HR/CB-B&lt;br /> Mailbox C20000&lt;br /> &lt;a href="mailto:schoolfees.service@cern.ch">schoolfees.service@cern.ch&lt;/a>&lt;br /> Tel. 72862 / 71421&lt;/em>&lt;/p></subfield>
  </datafield>
  <datafield tag="269" ind1=" " ind2=" ">
    <subfield code="c">09/10/2012</subfield>
  </datafield>
  <datafield tag="037" ind1=" " ind2=" ">
    <subfield code="a">BUL-ON-2012-031</subfield>
  </datafield>
  <datafield tag="041" ind1=" " ind2=" ">
    <subfield code="a">en</subfield>
  </datafield>
  <datafield tag="041" ind1=" " ind2=" ">
    <subfield code="a">fr</subfield>
  </datafield>
  <datafield tag="246" ind1=" " ind2="1">
    <subfield code="a">RAPPEL : maintien/suppression d'allocation pour les enfants à charge de 20 à 25 ans</subfield>
  </datafield>
</record>