
<record>
  <datafield tag="037" ind1=" " ind2=" ">
    <subfield code="a">BUL-AN-2012-063</subfield>
  </datafield>
  <datafield tag="041" ind1=" " ind2=" ">
    <subfield code="a">en</subfield>
  </datafield>
  <datafield tag="041" ind1=" " ind2=" ">
    <subfield code="a">fr</subfield>
  </datafield>
  <datafield tag="100" ind1=" " ind2=" ">
    <subfield code="a">GS Department</subfield>
  </datafield>
  <datafield tag="245" ind1=" " ind2=" ">
    <subfield code="a">Blood donation - 7 November</subfield>
  </datafield>
  <datafield tag="246" ind1=" " ind2="1">
    <subfield code="a">Collecte de sang : 7 novembre</subfield>
  </datafield>
  <datafield tag="260" ind1=" " ind2=" ">
    <subfield code="c">2012</subfield>
  </datafield>
  <datafield tag="269" ind1=" " ind2=" ">
    <subfield code="c">17/10/2012</subfield>
  </datafield>
  <datafield tag="520" ind1=" " ind2=" ">
    <subfield code="b">&lt;!--HTML-->&lt;!--HTML--> &lt;p style="text-align: center;"> &lt;span id="cke_bm_389S" style="display: none;">&amp;nbsp;&lt;/span>&lt;span id="cke_bm_388S" style="display: none;">&amp;nbsp;&lt;/span>&lt;span id="cke_bm_387S" style="display: none;">&amp;nbsp;&lt;/span>&lt;span id="cke_bm_386S" style="display: none;">&amp;nbsp;&lt;/span>&lt;span id="cke_bm_385S" style="display: none;">&amp;nbsp;&lt;/span>&lt;span id="cke_bm_383S" style="display: none;">&amp;nbsp;&lt;/span>&lt;a href="https://cdsweb.cern.ch/record/1485011/files/donduSang12GB_image.jpg?subformat=" target="_blank">&lt;img alt="" src="https://cdsweb.cern.ch/record/1485011/files/donduSang12GB_image.jpg?subformat=icon" style="width: 300px; height: 400px;" />&lt;/a>&lt;span id="cke_bm_389E" style="display: none;">&amp;nbsp;&lt;/span>&lt;span id="cke_bm_388E" style="display: none;">&amp;nbsp;&lt;/span>&lt;span id="cke_bm_387E" style="display: none;">&amp;nbsp;&lt;/span>&lt;span id="cke_bm_386E" style="display: none;">&amp;nbsp;&lt;/span>&lt;span id="cke_bm_385E" style="display: none;">&amp;nbsp;&lt;/span>&lt;span id="cke_bm_383E" style="display: none;">&amp;nbsp;&lt;/span>&lt;/p></subfield>
  </datafield>
  <datafield tag="590" ind1=" " ind2=" ">
    <subfield code="b">&lt;!--HTML-->&lt;!--HTML--> &lt;p style="text-align: center;"> &lt;span id="cke_bm_389S" style="display: none;">&amp;nbsp;&lt;/span>&lt;span id="cke_bm_388S" style="display: none;">&amp;nbsp;&lt;/span>&lt;span id="cke_bm_387S" style="display: none;">&amp;nbsp;&lt;/span>&lt;span id="cke_bm_386S" style="display: none;">&amp;nbsp;&lt;/span>&lt;span id="cke_bm_385S" style="display: none;">&amp;nbsp;&lt;/span>&lt;span id="cke_bm_383S" style="display: none;">&amp;nbsp;&lt;/span>&lt;a href="https://cdsweb.cern.ch/record/1485011/files/donduSang12FR_image.jpg?subformat=" target="_blank">&lt;img alt="" src="https://cdsweb.cern.ch/record/1485011/files/donduSang12FR_image.jpg?subformat=icon" style="width: 300px; height: 400px;" />&lt;/a>&lt;span id="cke_bm_389E" style="display: none;">&amp;nbsp;&lt;/span>&lt;span id="cke_bm_388E" style="display: none;">&amp;nbsp;&lt;/span>&lt;span id="cke_bm_387E" style="display: none;">&amp;nbsp;&lt;/span>&lt;span id="cke_bm_386E" style="display: none;">&amp;nbsp;&lt;/span>&lt;span id="cke_bm_385E" style="display: none;">&amp;nbsp;&lt;/span>&lt;span id="cke_bm_383E" style="display: none;">&amp;nbsp;&lt;/span>&lt;/p></subfield>
  </datafield>
  <datafield tag="594" ind1=" " ind2=" ">
    <subfield code="a">NO</subfield>
  </datafield>
  <datafield tag="595" ind1=" " ind2=" ">
    <subfield code="a">CERN Bulletin</subfield>
  </datafield>
  <datafield tag="595" ind1=" " ind2=" ">
    <subfield code="a">noicon</subfield>
  </datafield>
  <datafield tag="691" ind1=" " ind2=" ">
    <subfield code="a"></subfield>
  </datafield>
  <datafield tag="773" ind1=" " ind2=" ">
    <subfield code="c">1</subfield>
    <subfield code="n">43/2012</subfield>
    <subfield code="t">CERN Bulletin</subfield>
  </datafield>
  <datafield tag="773" ind1=" " ind2=" ">
    <subfield code="c">1</subfield>
    <subfield code="n">44/2012</subfield>
    <subfield code="t">CERN Bulletin</subfield>
  </datafield>
  <datafield tag="856" ind1="4" ind2=" ">
    <subfield code="u">http://cdsweb.cern.ch/record/1485011/files/donduSang12FR_image.jpg</subfield>
  </datafield>
  <datafield tag="856" ind1="4" ind2=" ">
    <subfield code="u">http://cdsweb.cern.ch/record/1485011/files/donduSang12GB_image.jpg</subfield>
  </datafield>
  <datafield tag="856" ind1="4" ind2=" ">
    <subfield code="u">http://cdsweb.cern.ch/record/1485011/files/donduSang12FR_image.jpg?subformat=icon</subfield>
    <subfield code="x">icon</subfield>
  </datafield>
  <datafield tag="856" ind1="4" ind2=" ">
    <subfield code="u">http://cdsweb.cern.ch/record/1485011/files/donduSang12GB_image.jpg?subformat=icon</subfield>
    <subfield code="x">icon</subfield>
  </datafield>
  <datafield tag="859" ind1=" " ind2=" ">
    <subfield code="a"></subfield>
    <subfield code="f">student.journalist@cern.ch</subfield>
  </datafield>
  <datafield tag="980" ind1=" " ind2=" ">
    <subfield code="a">BULLETINANNOUNCE</subfield>
  </datafield>
</record>