
<record>
  <controlfield tag="003">SzGeCERN</controlfield>
  <controlfield tag="005">20031212143247.0</controlfield>
  <datafield tag="041" ind1=" " ind2=" ">
    <subfield code="a">eng</subfield>
 </datafield>
  <datafield tag="100" ind1=" " ind2=" ">
    <subfield code="a">Faugier, A</subfield>
 </datafield>
  <datafield tag="245" ind1=" " ind2=" ">
    <subfield code="a">SPS Pb beam : results and prospects</subfield>
 </datafield>
  <datafield tag="260" ind1=" " ind2=" ">
    <subfield code="c">1995</subfield>
 </datafield>
  <datafield tag="595" ind1=" " ind2=" ">
    <subfield code="a">SIS:2003 PR/LKR added</subfield>
 </datafield>
  <datafield tag="650" ind1="1" ind2="7">
    <subfield code="2">SzGeCERN</subfield>
    <subfield code="a">Detectors and Experimental Techniques</subfield>
 </datafield>
  <datafield tag="690" ind1="C" ind2=" ">
    <subfield code="a">ARTICLE</subfield>
 </datafield>
  <datafield tag="690" ind1="C" ind2=" ">
    <subfield code="a">CERN</subfield>
 </datafield>
  <datafield tag="710" ind1=" " ind2=" ">
    <subfield code="5">AC</subfield>
 </datafield>
  <datafield tag="916" ind1=" " ind2=" ">
    <subfield code="s">h</subfield>
    <subfield code="w">200350</subfield>
    <subfield code="y">y2003</subfield>
 </datafield>
  <datafield tag="960" ind1=" " ind2=" ">
    <subfield code="a">13</subfield>
 </datafield>
  <datafield tag="961" ind1=" " ind2=" ">
    <subfield code="c">20070310</subfield>
    <subfield code="h">0011</subfield>
    <subfield code="l">CER01</subfield>
    <subfield code="x">20031212</subfield>
 </datafield>
  <datafield tag="962" ind1=" " ind2=" ">
    <subfield code="b">002244842</subfield>
    <subfield code="k">1375-1388</subfield>
    <subfield code="n">cogne950529</subfield>
 </datafield>
  <datafield tag="963" ind1=" " ind2=" ">
    <subfield code="a">PUBLIC</subfield>
 </datafield>
  <datafield tag="970" ind1=" " ind2=" ">
    <subfield code="a">002417000CER</subfield>
 </datafield>
  <datafield tag="980" ind1=" " ind2=" ">
    <subfield code="a">ARTICLE</subfield>
 </datafield>
</record>