/n<record xmlns="http://www.loc.gov/MARC21/slim">
	
<controlfield tag="003">SzGeCERN</controlfield>
   <datafield tag="041" ind1="" ind2="">
      <subfield code="a">eng</subfield>
   </datafield>
   <datafield tag="245" ind1="" ind2="">
      <subfield code="a">Working Groups. International Status/ Governing Bodies</subfield>
   </datafield>
   <datafield tag="260" ind1="" ind2="">
      <subfield code="c">2004</subfield>
   </datafield>
   <datafield tag="340" ind1="" ind2="">
      <subfield code="a">Paper</subfield>
   </datafield>
   <datafield tag="506" ind1="" ind2="">
      <subfield code="a">Restricted: 01 Jan 2032</subfield>
   </datafield>
   <datafield tag="650" ind1="1" ind2="7">
      <subfield code="2">SzGeCERN</subfield>
      <subfield code="a">Council Secretariat</subfield>
   </datafield>
   <datafield tag="852" ind1="" ind2="">
      <subfield code="a">Building 61-S-001</subfield>
   </datafield>
   <datafield tag="859" ind1="" ind2="">
      <subfield code="f">brigitte.beauseroy@cern.ch</subfield>
   </datafield>
   <datafield tag="916" ind1="" ind2="">
      <subfield code="s">n</subfield>
      <subfield code="w">200612</subfield>
   </datafield>
   <datafield tag="925" ind1="" ind2="">
      <subfield code="a">01 Jan 2004</subfield>
      <subfield code="b">31 Dec 2004</subfield>
   </datafield>
   <datafield tag="927" ind1="" ind2="">
      <subfield code="a">DG-CS-7A-012</subfield>
   </datafield>
   <datafield tag="929" ind1="" ind2="">
      <subfield code="a">Permanent</subfield>
   </datafield>
   <datafield tag="960" ind1="" ind2="">
      <subfield code="a">77</subfield>
   </datafield>
   <datafield tag="961" ind1="" ind2="">
      <subfield code="c">20060324</subfield>
      <subfield code="h">1437</subfield>
      <subfield code="l">MAN01</subfield>
      <subfield code="x">20060324</subfield>
   </datafield>
   <datafield tag="963" ind1="" ind2="">
      <subfield code="a">PUBLIC</subfield>
   </datafield>
   <datafield tag="970" ind1="" ind2="">
      <subfield code="a">000033624MAN</subfield>
   </datafield>
   <datafield tag="980" ind1="" ind2="">
      <subfield code="a">DSULIB</subfield>
   </datafield>
</record>