
<record>
  <controlfield tag="003">SzGeCERN</controlfield>
  <controlfield tag="005">20050902115942.0</controlfield>
  <datafield tag="035" ind1=" " ind2=" ">
    <subfield code="9">CERN annual report</subfield>
    <subfield code="a">2004-3.1091</subfield>
  </datafield>
  <datafield tag="041" ind1=" " ind2=" ">
    <subfield code="a">eng</subfield>
  </datafield>
  <datafield tag="100" ind1=" " ind2=" ">
    <subfield code="a">Kildemo, M</subfield>
  </datafield>
  <datafield tag="245" ind1=" " ind2=" ">
    <subfield code="a">Optical properties of silicon carbide polytypes below and around bandgap</subfield>
  </datafield>
  <datafield tag="260" ind1=" " ind2=" ">
    <subfield code="c">2004</subfield>
  </datafield>
  <datafield tag="520" ind1=" " ind2=" ">
    <subfield code="a">The optical properties of SiC polytypes are discussed with relation to the structure of SiC. The main part of the paper review the detailed measurements of the uniaxial dielectric function below and around the minimum band gap, using phase-modulated spectroscopic ellipsometry, polarised light transmission measurements or crossed polariser variable angle of incidence interferometry. In particular, the oscillations in the recorded ellipsometric intensities, due to interference between the ordinary and extraordinary modes, specific to thick uniaxial wafers, are used to accurately measure the below band gap dielectric difference. It is focused on the differences in optical properties among the polytypes, in order to investigate SE and closely related techniques as a candidate for bulk-material wafer inspection and characterisation. (37 refs).</subfield>
  </datafield>
  <datafield tag="595" ind1=" " ind2=" ">
    <subfield code="a">SIS INSP2004</subfield>
  </datafield>
  <datafield tag="595" ind1=" " ind2=" ">
    <subfield code="i">8187752</subfield>
  </datafield>
  <datafield tag="650" ind1="1" ind2="7">
    <subfield code="2">SzGeCERN</subfield>
    <subfield code="a">Condensed Matter</subfield>
  </datafield>
  <datafield tag="653" ind1="1" ind2=" ">
    <subfield code="9">INSPEC</subfield>
    <subfield code="a">optical properties</subfield>
  </datafield>
  <datafield tag="653" ind1="1" ind2=" ">
    <subfield code="9">INSPEC</subfield>
    <subfield code="a">silicon carbide polytypes</subfield>
  </datafield>
  <datafield tag="653" ind1="1" ind2=" ">
    <subfield code="9">INSPEC</subfield>
    <subfield code="a">bandgap</subfield>
  </datafield>
  <datafield tag="653" ind1="1" ind2=" ">
    <subfield code="9">INSPEC</subfield>
    <subfield code="a">SiC polytypes</subfield>
  </datafield>
  <datafield tag="653" ind1="1" ind2=" ">
    <subfield code="9">INSPEC</subfield>
    <subfield code="a">uniaxial dielectric function</subfield>
  </datafield>
  <datafield tag="653" ind1="1" ind2=" ">
    <subfield code="9">INSPEC</subfield>
    <subfield code="a">phase modulated spectroscopic ellipsometry</subfield>
  </datafield>
  <datafield tag="653" ind1="1" ind2=" ">
    <subfield code="9">INSPEC</subfield>
    <subfield code="a">polarised light transmission</subfield>
  </datafield>
  <datafield tag="653" ind1="1" ind2=" ">
    <subfield code="9">INSPEC</subfield>
    <subfield code="a">interferometry</subfield>
  </datafield>
  <datafield tag="653" ind1="1" ind2=" ">
    <subfield code="9">INSPEC</subfield>
    <subfield code="a">SiC</subfield>
  </datafield>
  <datafield tag="690" ind1="C" ind2=" ">
    <subfield code="a">CERN</subfield>
  </datafield>
  <datafield tag="690" ind1="C" ind2=" ">
    <subfield code="a">ARTICLE</subfield>
  </datafield>
  <datafield tag="694" ind1=" " ind2=" ">
    <subfield code="9">INSPEC</subfield>
    <subfield code="a">A7820D (Optical constants and parameters (condensed matter))</subfield>
  </datafield>
  <datafield tag="694" ind1=" " ind2=" ">
    <subfield code="9">INSPEC</subfield>
    <subfield code="a">A7820F (Birefringence (condensed matter))</subfield>
  </datafield>
  <datafield tag="694" ind1=" " ind2=" ">
    <subfield code="9">INSPEC</subfield>
    <subfield code="a">A7720 (Dielectric permittivity)</subfield>
  </datafield>
  <datafield tag="694" ind1=" " ind2=" ">
    <subfield code="9">INSPEC</subfield>
    <subfield code="a">A6160 (Crystal structure of specific inorganic compounds)</subfield>
  </datafield>
  <datafield tag="694" ind1=" " ind2=" ">
    <subfield code="9">INSPEC</subfield>
    <subfield code="a">B2520M (Other semiconductor materials)</subfield>
  </datafield>
  <datafield tag="694" ind1=" " ind2=" ">
    <subfield code="9">INSPEC</subfield>
    <subfield code="a">CI SiC bin, Si bin, C bin</subfield>
  </datafield>
  <datafield tag="695" ind1=" " ind2=" ">
    <subfield code="9">INSPEC</subfield>
    <subfield code="a">dielectric-function</subfield>
  </datafield>
  <datafield tag="695" ind1=" " ind2=" ">
    <subfield code="9">INSPEC</subfield>
    <subfield code="a">ellipsometry</subfield>
  </datafield>
  <datafield tag="695" ind1=" " ind2=" ">
    <subfield code="9">INSPEC</subfield>
    <subfield code="a">energy-gap</subfield>
  </datafield>
  <datafield tag="695" ind1=" " ind2=" ">
    <subfield code="9">INSPEC</subfield>
    <subfield code="a">extinction- coefficients</subfield>
  </datafield>
  <datafield tag="695" ind1=" " ind2=" ">
    <subfield code="9">INSPEC</subfield>
    <subfield code="a">permittivity</subfield>
  </datafield>
  <datafield tag="695" ind1=" " ind2=" ">
    <subfield code="9">INSPEC</subfield>
    <subfield code="a">polymorphism</subfield>
  </datafield>
  <datafield tag="695" ind1=" " ind2=" ">
    <subfield code="9">INSPEC</subfield>
    <subfield code="a">silicon-compounds</subfield>
  </datafield>
  <datafield tag="695" ind1=" " ind2=" ">
    <subfield code="9">INSPEC</subfield>
    <subfield code="a">wide- band-gap-semiconductors</subfield>
  </datafield>
  <datafield tag="710" ind1=" " ind2=" ">
    <subfield code="5">EST</subfield>
  </datafield>
  <datafield tag="773" ind1=" " ind2=" ">
    <subfield code="a">10.1016/j.tsf.2003.11.291</subfield>
    <subfield code="c">187-95</subfield>
    <subfield code="p">Thin Solid Films</subfield>
    <subfield code="v">455-456</subfield>
    <subfield code="y">2004</subfield>
  </datafield>
  <datafield tag="901" ind1=" " ind2=" ">
    <subfield code="u">CERN</subfield>
  </datafield>
  <datafield tag="916" ind1=" " ind2=" ">
    <subfield code="s">n</subfield>
    <subfield code="w">200552</subfield>
    <subfield code="y">a2004</subfield>
  </datafield>
  <datafield tag="960" ind1=" " ind2=" ">
    <subfield code="a">13</subfield>
  </datafield>
  <datafield tag="961" ind1=" " ind2=" ">
    <subfield code="c">20080108</subfield>
    <subfield code="h">1121</subfield>
    <subfield code="l">CER01</subfield>
    <subfield code="x">20050131</subfield>
  </datafield>
  <datafield tag="962" ind1=" " ind2=" ">
    <subfield code="b">002399570</subfield>
    <subfield code="k">187-95</subfield>
    <subfield code="n">vienna20030706</subfield>
  </datafield>
  <datafield tag="963" ind1=" " ind2=" ">
    <subfield code="a">PUBLIC</subfield>
  </datafield>
  <datafield tag="970" ind1=" " ind2=" ">
    <subfield code="a">002505878CER</subfield>
  </datafield>
  <datafield tag="980" ind1=" " ind2=" ">
    <subfield code="a">ARTICLE</subfield>
  </datafield>
  <datafield tag="980" ind1=" " ind2=" ">
    <subfield code="a">ConferencePaper</subfield>
  </datafield>
</record>