
<record>
  <datafield tag="041" ind1=" " ind2=" ">
    <subfield code="a">eng</subfield>
  </datafield>
  <datafield tag="110" ind1=" " ind2=" ">
    <subfield code="a">CERN. Geneva</subfield>
  </datafield>
  <datafield tag="111" ind1=" " ind2=" ">
    <subfield code="a">CMS WEEK Agenda 27.02.2012-02.03.2012</subfield>
    <subfield code="c">CERN - </subfield>
    <subfield code="9">2012-03-02T11:30:00</subfield>
    <subfield code="z">2012-03-02T12:00:00</subfield>
    <subfield code="g">174367</subfield>
  </datafield>
  <datafield tag="245" ind1=" " ind2=" ">
    <subfield code="a">CMS Physics Status Report</subfield>
  </datafield>
  <datafield tag="260" ind1=" " ind2=" ">
    <subfield code="c">2012</subfield>
  </datafield>
  <datafield tag="269" ind1=" " ind2=" ">
    <subfield code="c">2012-03-02</subfield>
  </datafield>
  <datafield tag="300" ind1=" " ind2=" ">
    <subfield code="a">Streaming video</subfield>
    <subfield code="b">WLAPLectureObject-v0.2</subfield>
  </datafield>
  <datafield tag="340" ind1=" " ind2=" ">
    <subfield code="a">Streaming video</subfield>
  </datafield>
  <datafield tag="490" ind1=" " ind2=" ">
    <subfield code="a">CMS WEEKS - Reviews (AR and LHCC CR)</subfield>
  </datafield>
  <datafield tag="490" ind1=" " ind2=" ">
    <subfield code="a">CMS WEEK Agenda 27.02.2012-02.03.2012</subfield>
  </datafield>
  <datafield tag="506" ind1="1" ind2=" ">
    <subfield code="a">Restricted</subfield>
    <subfield code="d">cms-access-associated [CERN]</subfield>
    <subfield code="d">cms-web-access [CERN]</subfield>
    <subfield code="f">group</subfield>
    <subfield code="2">CDS Invenio</subfield>
    <subfield code="5">SzGeCERN</subfield>
  </datafield>
  <datafield tag="506" ind1="1" ind2=" ">
    <subfield code="a">Restricted</subfield>
    <subfield code="d">incandel@fnal.gov</subfield>
    <subfield code="d">cms.secretariat@cern.ch</subfield>
    <subfield code="d">joseph.incandela@cern.ch</subfield>
    <subfield code="d">veronique.lerho.michel@cern.ch</subfield>
    <subfield code="d">incandel@hep.ucsb.edu</subfield>
    <subfield code="d">tiziano.camporesi@cern.ch</subfield>
    <subfield code="d">joao.varela@cern.ch</subfield>
    <subfield code="f">email</subfield>
    <subfield code="2">CDS Invenio</subfield>
    <subfield code="5">SzGeCERN</subfield>
  </datafield>
  <datafield tag="518" ind1=" " ind2=" ">
    <subfield code="d">2012-03-02T11:30:00</subfield>
  </datafield>
  <datafield tag="650" ind1="1" ind2="7">
    <subfield code="a">CMS WEEKS - Reviews (AR and LHCC CR)</subfield>
  </datafield>
  <datafield tag="650" ind1="2" ind2="7">
    <subfield code="a">Event</subfield>
  </datafield>
  <datafield tag="690" ind1="C" ind2=" ">
    <subfield code="a">TALK</subfield>
  </datafield>
  <datafield tag="690" ind1="C" ind2=" ">
    <subfield code="a">CERN</subfield>
  </datafield>
  <datafield tag="693" ind1=" " ind2=" ">
    <subfield code="e">CMS</subfield>
  </datafield>
  <datafield tag="700" ind1=" " ind2=" ">
    <subfield code="a">Landsberg, Greg</subfield>
    <subfield code="e">speaker</subfield>
    <subfield code="u">Brown University (US)</subfield>
  </datafield>
  <datafield tag="856" ind1="4" ind2=" ">
    <subfield code="u">http://indico.cern.ch/contributionDisplay.py?confId=174367&amp;contribId=84</subfield>
    <subfield code="y">Talk details</subfield>
  </datafield>
  <datafield tag="856" ind1="4" ind2=" ">
    <subfield code="u">http://indico.cern.ch/conferenceDisplay.py?confId=174367</subfield>
    <subfield code="y">Event details</subfield>
  </datafield>
  <datafield tag="856" ind1="7" ind2=" ">
    <subfield code="2">MediaArchive</subfield>
    <subfield code="d">\\cern.ch\dfs\Services\MediaArchive\Video\Masters\WebLectures\2012\174367c84.tar</subfield>
    <subfield code="x">Absolute master path</subfield>
  </datafield>
  <datafield tag="856" ind1="7" ind2=" ">
    <subfield code="2">MediaArchive</subfield>
    <subfield code="u">http://mediaarchive.cern.ch/MediaArchive/Video/Public/WebLectures/2012/174367c84/174367c84-mobile.mp4</subfield>
    <subfield code="x">mp4mobile</subfield>
    <subfield code="y">mobile 0300 kbps 640x480 25 fps audio 128 kbps 44100 Hz stereo</subfield>
  </datafield>
  <datafield tag="856" ind1="7" ind2=" ">
    <subfield code="2">MediaArchive</subfield>
    <subfield code="u">http://mediaarchive.cern.ch/MediaArchive/Video/Public/WebLectures/2012/174367c84/174367c84-podcast.mp4</subfield>
    <subfield code="x">mp4podcast</subfield>
    <subfield code="y">podcast 0800 kbps 640x480 25 fps audio 128 kbps 44100 Hz stereo</subfield>
  </datafield>
  <datafield tag="856" ind1="7" ind2=" ">
    <subfield code="2">MediaArchive</subfield>
    <subfield code="u">http://mediaarchive.cern.ch/MediaArchive/Video/Public/WebLectures/2012/174367c84/flash.html</subfield>
    <subfield code="x">htmlflash.html</subfield>
    <subfield code="y">flash.html weblecture</subfield>
  </datafield>
  <datafield tag="856" ind1="7" ind2=" ">
    <subfield code="2">MediaArchive</subfield>
    <subfield code="u">http://mediaarchive.cern.ch/MediaArchive/Video/Public/WebLectures/2012/174367c84/master.mp4</subfield>
    <subfield code="x">mp4master.mp4</subfield>
    <subfield code="y">master.mp4 weblecture</subfield>
  </datafield>
  <datafield tag="856" ind1="7" ind2=" ">
    <subfield code="2">MediaArchive</subfield>
    <subfield code="u">http://mediaarchive.cern.ch/MediaArchive/Video/Public/WebLectures/2012/174367c84/thumbs/slides/20120302113908.png</subfield>
    <subfield code="x">pngthumbnail</subfield>
    <subfield code="y">thumbnail weblecture at 0 percent</subfield>
  </datafield>
  <datafield tag="859" ind1=" " ind2=" ">
    <subfield code="f">cms.secretariat@cern.ch</subfield>
  </datafield>
  <datafield tag="961" ind1=" " ind2=" ">
    <subfield code="x">2012-01-20T15:50:03</subfield>
    <subfield code="c">2012-03-01T14:24:52</subfield>
  </datafield>
  <datafield tag="963" ind1=" " ind2=" ">
    <subfield code="a">PUBLIC</subfield>
  </datafield>
  <datafield tag="970" ind1=" " ind2=" ">
    <subfield code="a">INDICO.174367c84</subfield>
  </datafield>
  <datafield tag="980" ind1=" " ind2=" ">
    <subfield code="a">Indico</subfield>
  </datafield>
  <datafield tag="980" ind1=" " ind2=" ">
    <subfield code="a">Restricted_CMS_Talks</subfield>
  </datafield>
  <datafield tag="980" ind1=" " ind2=" ">
    <subfield code="b">TALK</subfield>
  </datafield>
</record>