
<record>
  <controlfield tag="003">SzGeCERN</controlfield>
  <datafield tag="245" ind1=" " ind2=" ">
    <subfield code="a">Annexe D</subfield>
    <subfield code="b">Conférences scientifiques et écoles</subfield>
  </datafield>
  <datafield tag="856" ind1="4" ind2=" ">
    <subfield code="u">http://cdsweb.cern.ch/record/1480595/files/1984_F_p250.pdf</subfield>
    <subfield code="y">Fulltext</subfield>
  </datafield>
  <datafield tag="145" ind1=" " ind2=" ">
    <subfield code="a">Annexe D</subfield>
    <subfield code="b">Conférences scientifiques et écoles</subfield>
  </datafield>
  <datafield tag="962" ind1=" " ind2=" ">
    <subfield code="b">1475753</subfield>
    <subfield code="k">250</subfield>
    <subfield code="n">cernannualreport1984F</subfield>
  </datafield>
  <datafield tag="980" ind1=" " ind2=" ">
    <subfield code="a">CERN_Annual_Report_Contributions</subfield>
  </datafield>
  <datafield tag="260" ind1=" " ind2=" ">
    <subfield code="c">1984</subfield>
  </datafield>
  <datafield tag="100" ind1=" " ind2=" ">
    <subfield code="a">CERN</subfield>
  </datafield>
  <datafield tag="041" ind1=" " ind2=" ">
    <subfield code="a">fra</subfield>
  </datafield>
</record>