
<record>
  <controlfield tag="003">SzGeCERN</controlfield>
  <datafield tag="245" ind1=" " ind2=" ">
    <subfield code="a">LHCf detector experiment</subfield>
  </datafield>
  <datafield tag="856" ind1="4" ind2=" ">
    <subfield code="q">http://documents.cern.ch/photo/photo-bul/icon-bul-pho-2008-075.gif</subfield>
    <subfield code="x">icon</subfield>
  </datafield>
  <datafield tag="856" ind1="4" ind2=" ">
    <subfield code="q">http://documents.cern.ch/cgi-bin/setlink?base=PHO&amp;categ=photo-bul&amp;id=bul-pho-2008-075</subfield>
    <subfield code="x">1</subfield>
    <subfield code="y">Access to the pictures</subfield>
  </datafield>
  <datafield tag="856" ind1="4" ind2=" ">
    <subfield code="u">http://cdsweb.cern.ch/record/1123365/files/bul-pho-2008-075.jpg</subfield>
    <subfield code="y">Access to the pictures</subfield>
  </datafield>
  <datafield tag="856" ind1="4" ind2=" ">
    <subfield code="u">http://cdsweb.cern.ch/record/1123365/files/bul-pho-2008-075.gif?subformat=icon</subfield>
    <subfield code="x">icon</subfield>
  </datafield>
  <datafield tag="595" ind1=" " ind2=" ">
    <subfield code="a">CERN EDS</subfield>
  </datafield>
  <datafield tag="595" ind1=" " ind2=" ">
    <subfield code="a">Press</subfield>
    <subfield code="s">Press Photos</subfield>
  </datafield>
  <datafield tag="595" ind1=" " ind2=" ">
    <subfield code="a">Press</subfield>
    <subfield code="s">LHCf</subfield>
  </datafield>
  <datafield tag="961" ind1=" " ind2=" ">
    <subfield code="c">20080902</subfield>
    <subfield code="h">1613</subfield>
    <subfield code="l">MMD01</subfield>
    <subfield code="x">20080902</subfield>
  </datafield>
  <datafield tag="773" ind1=" " ind2=" ">
    <subfield code="p">CERN Bulletin Issue: 35/2009 &amp; 36/2009, Mon 24 Aug 2009</subfield>
    <subfield code="u">https://cdsweb.cern.ch/record/1201831</subfield>
  </datafield>
  <datafield tag="773" ind1=" " ind2=" ">
    <subfield code="p">CERN Bulletin Issue: 37/2008 &amp; 38/2008, Mon 08 Sep 2008</subfield>
    <subfield code="u">https://cdsweb.cern.ch/record/1124112</subfield>
  </datafield>
  <datafield tag="963" ind1=" " ind2=" ">
    <subfield code="a">PUBLIC</subfield>
  </datafield>
  <datafield tag="980" ind1=" " ind2=" ">
    <subfield code="a">PHOTOLAB</subfield>
  </datafield>
  <datafield tag="970" ind1=" " ind2=" ">
    <subfield code="a">000044862MMD</subfield>
  </datafield>
  <datafield tag="859" ind1=" " ind2=" ">
    <subfield code="f">Henri.Jautrou@cern.ch</subfield>
  </datafield>
  <datafield tag="260" ind1=" " ind2=" ">
    <subfield code="c">2008</subfield>
  </datafield>
  <datafield tag="653" ind1="1" ind2=" ">
    <subfield code="9">CERN</subfield>
    <subfield code="a">LHCf</subfield>
  </datafield>
  <datafield tag="653" ind1="1" ind2=" ">
    <subfield code="9">CERN</subfield>
    <subfield code="a">bulletin</subfield>
  </datafield>
  <datafield tag="246" ind1=" " ind2="1">
    <subfield code="a">Détecteur de l'expérience LHCf</subfield>
  </datafield>
  <datafield tag="960" ind1=" " ind2=" ">
    <subfield code="a">81</subfield>
  </datafield>
  <datafield tag="100" ind1=" " ind2=" ">
    <subfield code="a">Anne-Laure Perrot</subfield>
  </datafield>
  <datafield tag="916" ind1=" " ind2=" ">
    <subfield code="s">n</subfield>
    <subfield code="w">200836</subfield>
  </datafield>
  <datafield tag="269" ind1=" " ind2=" ">
    <subfield code="c">05 Sep 2008</subfield>
  </datafield>
  <datafield tag="037" ind1=" " ind2=" ">
    <subfield code="a">BUL-PHO-2008-075</subfield>
  </datafield>
  <datafield tag="650" ind1="1" ind2="7">
    <subfield code="2">SzGeCERN</subfield>
    <subfield code="a">Miscellaneous</subfield>
  </datafield>
</record>