
<record>
  <datafield tag="037" ind1=" " ind2=" ">
    <subfield code="a">CMS-EXO-11-041-001-COMMENT-010</subfield>
  </datafield>
  <datafield tag="100" ind1=" " ind2=" ">
    <subfield code="a">Ivan Vila Alvarez</subfield>
  </datafield>
  <datafield tag="245" ind1=" " ind2=" ">
    <subfield code="a">Search for exotic particles decaying to the WZ final state with the CMS Experiment</subfield>
  </datafield>
  <datafield tag="260" ind1=" " ind2=" ">
    <subfield code="c">2012</subfield>
  </datafield>
  <datafield tag="269" ind1=" " ind2=" ">
    <subfield code="b">CERN</subfield>
    <subfield code="a">Geneva</subfield>
    <subfield code="c">16 Apr 2012</subfield>
  </datafield>
  <datafield tag="500" ind1=" " ind2=" ">
    <subfield code="a">&lt;!--HTML-->&lt;p> &amp;nbsp;&lt;/p> &lt;p> Comments on behalf of the IFCA/UNIOVI groups&lt;/p> &lt;p> &amp;nbsp;&lt;/p> &lt;p> Dear Authors and ARCs,&lt;/p> &lt;p> Congratulations for the concise and clear draft, we just have a comment concerning the content:&lt;/p> &lt;p> -&amp;nbsp;&amp;nbsp;&amp;nbsp;&amp;nbsp;&amp;nbsp;&amp;nbsp;&amp;nbsp;&amp;nbsp;&amp;nbsp; As it is stated in the draft (lines 100-105) the Z+jets and ttbar backgrounds were cross-checked using a data-driven method. Can you please be more explicit, including a brief description of the procedure and showing the quantitative result of the cross-check, please, provide the derived systematic error for these two backgrounds. &amp;nbsp;&lt;/p> &lt;p> Regards,&lt;/p></subfield>
    <subfield code="b">Identical to CMS-EXO-11-041-001-COMMENT-009 (from same submitter but 3 min. earlier)  (Submitter emailed)</subfield>
  </datafield>
  <datafield tag="595" ind1=" " ind2=" ">
    <subfield code="a">sebastian.mirko.naumann-emme@cern.ch</subfield>
    <subfield code="b">Tue Apr 17 09:15:07 2012</subfield>
  </datafield>
  <datafield tag="773" ind1=" " ind2=" ">
    <subfield code="n">CMS-EXO-11-041-001</subfield>
  </datafield>
  <datafield tag="787" ind1=" " ind2=" ">
    <subfield code="i">Base Document</subfield>
    <subfield code="r">http://cdsweb.cern.ch/record/1436139</subfield>
  </datafield>
  <datafield tag="856" ind1="4" ind2=" ">
  </datafield>
  <datafield tag="859" ind1=" " ind2=" ">
    <subfield code="f">ivan.vila@cern.ch</subfield>
  </datafield>
  <datafield tag="980" ind1=" " ind2=" ">
    <subfield code="a">CMSPUBDRAFTREJECTEDCOMM</subfield>
  </datafield>
</record>