
<record>
  <controlfield tag="003">SzGeCERN</controlfield>
  <datafield tag="035" ind1=" " ind2=" ">
    <subfield code="9">OBJOBJ</subfield>
    <subfield code="a">0000120</subfield>
  </datafield>
  <datafield tag="037" ind1=" " ind2=" ">
    <subfield code="a">CERN-OBJ-DE-012</subfield>
  </datafield>
  <datafield tag="245" ind1=" " ind2=" ">
    <subfield code="a">spark chamber</subfield>
  </datafield>
  <datafield tag="246" ind1=" " ind2="1">
    <subfield code="a">chambre à étincelles</subfield>
  </datafield>
  <datafield tag="500" ind1=" " ind2=" ">
    <subfield code="a">2 spark chambers</subfield>
  </datafield>
  <datafield tag="506" ind1=" " ind2=" ">
    <subfield code="a">On loan</subfield>
  </datafield>
  <datafield tag="520" ind1=" " ind2=" ">
    <subfield code="a">A few cosmic rays pass through your body every second of every day, no matter where you are. Look at the spark chamber to your right  every flash is the track made by a cosmic ray from outer space. The spark chamber is filled with a special gas mixture. Cosmic rays knock electrons out of the atoms in the gas. These electrons accelerate towards high voltage metal strips layered throughout the chamber, creating sparks like little bolts of lightning.</subfield>
  </datafield>
  <datafield tag="590" ind1=" " ind2=" ">
    <subfield code="a">Si vous regardez la chambre à étincelles à votre droite, chaque étincelle correspond à la trace laissée par un rayon cosmique venu de l'espace. Chaque seconde, chaque jour, quelques rayons cosmiques traversent votre corps, où que vous soyez. La chambre à étincelles est remplie d'un mélange spécial de gaz. En heurtant les atomes de gaz, les rayons cosmiques arrachent des électrons. Ceux-ci sont accélérés vers les plaques à haute tension disposées en couches dans la chambre, d'où jaillissent des étincelles.</subfield>
  </datafield>
  <datafield tag="595" ind1=" " ind2=" ">
    <subfield code="a">CERN EDS</subfield>
  </datafield>
  <datafield tag="597" ind1=" " ind2=" ">
    <subfield code="a">2 chambres à étincelles</subfield>
  </datafield>
  <datafield tag="650" ind1="1" ind2="7">
    <subfield code="2">SzGeCERN</subfield>
    <subfield code="a">Detector</subfield>
  </datafield>
  <datafield tag="852" ind1=" " ind2=" ">
    <subfield code="a">143</subfield>
  </datafield>
  <datafield tag="856" ind1="0" ind2=" ">
    <subfield code="f">expo.microcosm@cern.ch</subfield>
  </datafield>
  <datafield tag="859" ind1=" " ind2=" ">
    <subfield code="f">expo.microcosm@cern.ch</subfield>
  </datafield>
  <datafield tag="916" ind1=" " ind2=" ">
    <subfield code="s">n</subfield>
    <subfield code="w">199928</subfield>
  </datafield>
  <datafield tag="921" ind1=" " ind2=" ">
    <subfield code="i">Microcosm Exhibition (CERN)</subfield>
  </datafield>
  <datafield tag="922" ind1=" " ind2=" ">
    <subfield code="p">2,10m</subfield>
  </datafield>
  <datafield tag="922" ind1=" " ind2=" ">
    <subfield code="l">0,34m</subfield>
  </datafield>
  <datafield tag="922" ind1=" " ind2=" ">
    <subfield code="i">Yes</subfield>
  </datafield>
  <datafield tag="922" ind1=" " ind2=" ">
    <subfield code="h">2,40m</subfield>
  </datafield>
  <datafield tag="960" ind1=" " ind2=" ">
    <subfield code="a">55</subfield>
  </datafield>
  <datafield tag="961" ind1=" " ind2=" ">
    <subfield code="c">20040210</subfield>
    <subfield code="h">0842</subfield>
    <subfield code="l">MMD01</subfield>
    <subfield code="x">19990714</subfield>
  </datafield>
  <datafield tag="963" ind1=" " ind2=" ">
    <subfield code="a">PUBLIC</subfield>
  </datafield>
  <datafield tag="970" ind1=" " ind2=" ">
    <subfield code="a">000005327MMD</subfield>
  </datafield>
  <datafield tag="980" ind1=" " ind2=" ">
    <subfield code="a">MICROCOSM</subfield>
  </datafield>
</record>