
<record>
  <controlfield tag="003">SzGeCERN</controlfield>
  <controlfield tag="005">20100831094434.0</controlfield>
  <datafield tag="041" ind1=" " ind2=" ">
    <subfield code="a">fre</subfield>
  </datafield>
  <datafield tag="044" ind1=" " ind2=" ">
    <subfield code="a">ch</subfield>
  </datafield>
  <datafield tag="222" ind1=" " ind2=" ">
    <subfield code="a">Annual report</subfield>
  </datafield>
  <datafield tag="245" ind1=" " ind2=" ">
    <subfield code="a">CERN. Commission de l'Inspection technique et de la Sécurité</subfield>
    <subfield code="b">Rapport annuel - [Annual report]</subfield>
  </datafield>
  <datafield tag="310" ind1=" " ind2=" ">
    <subfield code="a">Annual</subfield>
  </datafield>
  <datafield tag="340" ind1=" " ind2=" ">
    <subfield code="a">Online</subfield>
  </datafield>
  <datafield tag="650" ind1="1" ind2="7">
    <subfield code="2">SzGeCERN</subfield>
    <subfield code="a">XX</subfield>
  </datafield>
  <datafield tag="690" ind1="C" ind2=" ">
    <subfield code="a">CERN</subfield>
  </datafield>
  <datafield tag="690" ind1="C" ind2=" ">
    <subfield code="a">PROGRESS REPORT</subfield>
  </datafield>
  <datafield tag="931" ind1=" " ind2=" ">
    <subfield code="a">CERN. Geneva. Commission de l'Inspection technique et de la Sécurité</subfield>
  </datafield>
  <datafield tag="932" ind1=" " ind2=" ">
    <subfield code="a">TIS</subfield>
  </datafield>
  <datafield tag="933" ind1=" " ind2=" ">
    <subfield code="a">Geneva</subfield>
    <subfield code="b">CERN</subfield>
  </datafield>
  <datafield tag="935" ind1=" " ind2=" ">
    <subfield code="a">Contient les rapports annuels de: Groupe de Radioprotection, Groupe Sécurité générale et électrique et Assistance technique, Service Secours et Feu, Service médical, Group Chimie, Feu et Technologie des matériaux, Groupe Ingénierie mécanique</subfield>
  </datafield>
  <datafield tag="938" ind1=" " ind2=" ">
    <subfield code="a">01</subfield>
    <subfield code="p">c</subfield>
  </datafield>
  <datafield tag="960" ind1=" " ind2=" ">
    <subfield code="a">31</subfield>
  </datafield>
  <datafield tag="961" ind1=" " ind2=" ">
    <subfield code="c">20100831</subfield>
    <subfield code="h">0944</subfield>
    <subfield code="l">CER01</subfield>
    <subfield code="x">20100827</subfield>
  </datafield>
  <datafield tag="963" ind1=" " ind2=" ">
    <subfield code="a">PERI</subfield>
  </datafield>
  <datafield tag="970" ind1=" " ind2=" ">
    <subfield code="a">002914973CER</subfield>
  </datafield>
  <datafield tag="980" ind1=" " ind2=" ">
    <subfield code="a">PERI</subfield>
  </datafield>
  <datafield tag="980" ind1=" " ind2=" ">
    <subfield code="b">PROGRESSREP</subfield>
  </datafield>
  <datafield tag="856" ind1="4" ind2=" ">
    <subfield code="u">http://cdsweb.cern.ch/record/1287560/files/ITS_1989.pdf</subfield>
    <subfield code="y">Rapport annuel 1989</subfield>
  </datafield>
</record>