
<record>
  <controlfield tag="003">SzGeCERN</controlfield>
  <controlfield tag="005">20090714110648.0</controlfield>
  <datafield tag="021" ind1=" " ind2=" ">
    <subfield code="a">DIN-54115-5</subfield>
  </datafield>
  <datafield tag="041" ind1=" " ind2=" ">
    <subfield code="a">ger</subfield>
  </datafield>
  <datafield tag="084" ind1=" " ind2=" ">
    <subfield code="a">13.280</subfield>
  </datafield>
  <datafield tag="084" ind1=" " ind2=" ">
    <subfield code="a">19.100</subfield>
  </datafield>
  <datafield tag="110" ind1=" " ind2=" ">
    <subfield code="a">Deutsches Institut für Normung. Berlin</subfield>
  </datafield>
  <datafield tag="245" ind1=" " ind2=" ">
    <subfield code="a">Zerstörungsfreie Prüfung</subfield>
    <subfield code="b">Strahlenschutzregeln für die technische Anwendung umschlossener radioaktiver Stoffe; Bautechnische Strahlenschutzvorkehrungen für die Gammaradiographie</subfield>
  </datafield>
  <datafield tag="260" ind1=" " ind2=" ">
    <subfield code="c">1992</subfield>
  </datafield>
  <datafield tag="269" ind1=" " ind2=" ">
    <subfield code="a">Berlin</subfield>
    <subfield code="b">DIN</subfield>
    <subfield code="c">1992</subfield>
  </datafield>
  <datafield tag="650" ind1="1" ind2="7">
    <subfield code="2">SzGeCERN</subfield>
    <subfield code="a">Information Transfer and Management</subfield>
  </datafield>
  <datafield tag="690" ind1="C" ind2=" ">
    <subfield code="a">STANDARD</subfield>
  </datafield>
  <datafield tag="697" ind1="C" ind2=" ">
    <subfield code="a">virTISrpdfw</subfield>
  </datafield>
  <datafield tag="916" ind1=" " ind2=" ">
    <subfield code="s">h</subfield>
    <subfield code="w">200420</subfield>
  </datafield>
  <datafield tag="960" ind1=" " ind2=" ">
    <subfield code="a">13</subfield>
  </datafield>
  <datafield tag="961" ind1=" " ind2=" ">
    <subfield code="c">20090714</subfield>
    <subfield code="h">1106</subfield>
    <subfield code="l">CER01</subfield>
    <subfield code="x">20050708</subfield>
  </datafield>
  <datafield tag="962" ind1=" " ind2=" ">
    <subfield code="b">002452159</subfield>
    <subfield code="k">no pagination</subfield>
    <subfield code="n">book</subfield>
  </datafield>
  <datafield tag="963" ind1=" " ind2=" ">
    <subfield code="a">PUBLIC</subfield>
  </datafield>
  <datafield tag="970" ind1=" " ind2=" ">
    <subfield code="a">002452354CER</subfield>
  </datafield>
  <datafield tag="980" ind1=" " ind2=" ">
    <subfield code="a">STANDARD</subfield>
  </datafield>
  <datafield tag="980" ind1=" " ind2=" ">
    <subfield code="b">ARTICLE</subfield>
  </datafield>
</record>