
<record>
  <controlfield tag="005">20061024171855.0</controlfield>
  <datafield tag="856" ind1="4" ind2=" ">
    <subfield code="u">http://library.web.cern.ch/library/Archives/isad/isalegal.html</subfield>
    <subfield code="y">Higher level description</subfield>
  </datafield>
  <datafield tag="595" ind1=" " ind2=" ">
    <subfield code="a">1.03.09</subfield>
  </datafield>
  <datafield tag="600" ind1=" " ind2=" ">
    <subfield code="a">Heuer, R, Director-General, CERN</subfield>
  </datafield>
  <datafield tag="600" ind1=" " ind2=" ">
    <subfield code="a">Demosthenous, G, Minister of Education and Culture, Republic of Cyprus</subfield>
  </datafield>
  <datafield tag="852" ind1=" " ind2=" ">
    <subfield code="a">CERN Archives. Bldg. 61-S-001</subfield>
    <subfield code="c">W0721</subfield>
  </datafield>
  <datafield tag="300" ind1=" " ind2=" ">
    <subfield code="a">36 p</subfield>
  </datafield>
  <datafield tag="980" ind1=" " ind2=" ">
    <subfield code="a">ARC010309</subfield>
  </datafield>
  <datafield tag="710" ind1=" " ind2=" ">
    <subfield code="a">Republic of Cyprus, Ministry of Education and Culture</subfield>
  </datafield>
  <datafield tag="710" ind1=" " ind2=" ">
    <subfield code="a">CERN. Geneva</subfield>
  </datafield>
  <datafield tag="245" ind1=" " ind2=" ">
    <subfield code="a">Legal Service</subfield>
    <subfield code="b">Agreement between the European Organization for Nuclear Research (CERN) and the Republic of Cyprus concerning the granting of the status of associate membership as the pre-stage to membership at CERN</subfield>
  </datafield>
  <datafield tag="541" ind1=" " ind2=" ">
    <subfield code="a">Legal Service</subfield>
    <subfield code="d">2012-10-10</subfield>
    <subfield code="f">Buttay, Yolande</subfield>
  </datafield>
  <datafield tag="340" ind1=" " ind2=" ">
    <subfield code="a">Paper</subfield>
  </datafield>
  <datafield tag="490" ind1=" " ind2=" ">
    <subfield code="a">CERN-ARCH-DSU-LEGAL</subfield>
    <subfield code="v">Collection: Legal Service </subfield>
  </datafield>
  <datafield tag="041" ind1=" " ind2=" ">
    <subfield code="a">eng</subfield>
  </datafield>
  <datafield tag="041" ind1=" " ind2=" ">
    <subfield code="a">fre</subfield>
  </datafield>
  <datafield tag="506" ind1=" " ind2=" ">
    <subfield code="a">Restricted</subfield>
  </datafield>
  <datafield tag="960" ind1=" " ind2=" ">
    <subfield code="a">02</subfield>
  </datafield>
  <datafield tag="269" ind1=" " ind2=" ">
    <subfield code="a">Geneva, ch</subfield>
  </datafield>
  <datafield tag="916" ind1=" " ind2=" ">
    <subfield code="w">201241</subfield>
  </datafield>
  <datafield tag="925" ind1=" " ind2=" ">
    <subfield code="a">2012-10-05</subfield>
  </datafield>
  <datafield tag="500" ind1=" " ind2=" ">
    <subfield code="a">English version: 18 pages; French version: 18 pages</subfield>
  </datafield>
  <datafield tag="927" ind1=" " ind2=" ">
    <subfield code="a">CERN-ARCH-DSU-LEGAL-1180</subfield>
  </datafield>
</record>