
<record>
  <controlfield tag="003">SzGeCERN</controlfield>
  <controlfield tag="005">20121031171808.0</controlfield>
  <datafield tag="024" ind1="8" ind2=" ">
    <subfield code="a">oai:cds.cern.ch:1297895</subfield>
    <subfield code="p">ec_fundedresources</subfield>
  </datafield>
  <datafield tag="035" ind1=" " ind2=" ">
    <subfield code="9">arXiv</subfield>
    <subfield code="a">oai:arXiv.org:1010.0912</subfield>
  </datafield>
  <datafield tag="037" ind1=" " ind2=" ">
    <subfield code="a">arXiv:1010.0912</subfield>
  </datafield>
  <datafield tag="041" ind1=" " ind2=" ">
    <subfield code="a">eng</subfield>
  </datafield>
  <datafield tag="100" ind1=" " ind2=" ">
    <subfield code="a">Fabbrichesi, M</subfield>
  </datafield>
  <datafield tag="245" ind1=" " ind2=" ">
    <subfield code="a">Asymptotic safety and the gauged SU(N) nonlinear sigma-model</subfield>
  </datafield>
  <datafield tag="260" ind1=" " ind2=" ">
    <subfield code="c">2010</subfield>
  </datafield>
  <datafield tag="269" ind1=" " ind2=" ">
    <subfield code="c">06 Oct 2010</subfield>
  </datafield>
  <datafield tag="500" ind1=" " ind2=" ">
    <subfield code="a">Comments: REVTeX, 12 pages, no figures</subfield>
  </datafield>
  <datafield tag="520" ind1=" " ind2=" ">
    <subfield code="a">We study the beta functions of the leading, two-derivative terms of the left-gauged SU(N) nonlinear sigma-model in d dimensions. In d>2, we find the usual Gaussian ultraviolet fixed point for the gauge coupling and an attractive non-Gaussian fixed point for the Goldstone boson coupling. The position of the latter fixed point controls the chiral expansion, unitarity and the strength of the tree-level Goldstone boson scattering amplitudes. For large N the model is weakly coupled, unitary at all energies and well described by the lowest order of chiral perturbation theory. Attention is payed to the gauge- and scheme-dependence of the results.</subfield>
  </datafield>
  <datafield tag="536" ind1=" " ind2=" ">
    <subfield code="a">FP7</subfield>
    <subfield code="c">237920</subfield>
    <subfield code="f">UNILHC</subfield>
    <subfield code="r">openAccess</subfield>
  </datafield>
  <datafield tag="595" ind1=" " ind2=" ">
    <subfield code="a">LANL EDS</subfield>
  </datafield>
  <datafield tag="650" ind1="1" ind2="7">
    <subfield code="2">arXiv</subfield>
    <subfield code="a">Particle Physics - Phenomenology</subfield>
  </datafield>
  <datafield tag="690" ind1="C" ind2=" ">
    <subfield code="a">PREPRINT</subfield>
  </datafield>
  <datafield tag="690" ind1="C" ind2=" ">
    <subfield code="a">UNILHC</subfield>
  </datafield>
  <datafield tag="695" ind1=" " ind2=" ">
    <subfield code="9">LANL EDS</subfield>
    <subfield code="a">hep-ph</subfield>
  </datafield>
  <datafield tag="700" ind1=" " ind2=" ">
    <subfield code="a">Percacci, R</subfield>
  </datafield>
  <datafield tag="700" ind1=" " ind2=" ">
    <subfield code="a">Tonero, A</subfield>
  </datafield>
  <datafield tag="700" ind1=" " ind2=" ">
    <subfield code="a">Zanusso, O</subfield>
  </datafield>
  <datafield tag="856" ind1="4" ind2=" ">
    <subfield code="u">http://arxiv.org/pdf/1010.0912.pdf</subfield>
    <subfield code="y">Preprint</subfield>
  </datafield>
  <datafield tag="909" ind1="C" ind2="O">
    <subfield code="o">oai:atlantis.cern.ch:1297895</subfield>
    <subfield code="p">ec_fundedresources</subfield>
  </datafield>
  <datafield tag="916" ind1=" " ind2=" ">
    <subfield code="s">n</subfield>
    <subfield code="w">201040</subfield>
  </datafield>
  <datafield tag="960" ind1=" " ind2=" ">
    <subfield code="a">11</subfield>
  </datafield>
  <datafield tag="961" ind1=" " ind2=" ">
    <subfield code="c">20110406</subfield>
    <subfield code="h">0937</subfield>
    <subfield code="l">CER01</subfield>
    <subfield code="x">20110314</subfield>
  </datafield>
  <datafield tag="963" ind1=" " ind2=" ">
    <subfield code="a">PUBLIC</subfield>
  </datafield>
  <datafield tag="970" ind1=" " ind2=" ">
    <subfield code="a">002947012CER</subfield>
  </datafield>
  <datafield tag="980" ind1=" " ind2=" ">
    <subfield code="a">PREPRINT</subfield>
  </datafield>
</record>