
<record>
  <controlfield tag="005">20121126113508.0</controlfield>
  <datafield tag="595" ind1=" " ind2=" ">
    <subfield code="a">LANL EDS</subfield>
  </datafield>
  <datafield tag="595" ind1=" " ind2=" ">
    <subfield code="a">CERN EDS</subfield>
  </datafield>
  <datafield tag="595" ind1=" " ind2=" ">
    <subfield code="a">CERN-PH-EP</subfield>
  </datafield>
  <datafield tag="980" ind1=" " ind2=" ">
    <subfield code="a">LHCf_Papers</subfield>
  </datafield>
  <datafield tag="980" ind1=" " ind2=" ">
    <subfield code="a">PREPRINT</subfield>
  </datafield>
  <datafield tag="981" ind1=" " ind2=" ">
    <subfield code="a">1450739</subfield>
  </datafield>
  <datafield tag="700" ind1=" " ind2=" ">
    <subfield code="a">Bonechi, L</subfield>
    <subfield code="u">INFN, Florence</subfield>
  </datafield>
  <datafield tag="700" ind1=" " ind2=" ">
    <subfield code="a">Bongi, M</subfield>
    <subfield code="u">INFN, Florence</subfield>
  </datafield>
  <datafield tag="700" ind1=" " ind2=" ">
    <subfield code="a">Castellini, G</subfield>
    <subfield code="u">INFN, Florence</subfield>
    <subfield code="u">Florence U.</subfield>
  </datafield>
  <datafield tag="700" ind1=" " ind2=" ">
    <subfield code="a">D'Alessandro, R</subfield>
    <subfield code="u">INFN, Florence</subfield>
    <subfield code="u">Florence U.</subfield>
  </datafield>
  <datafield tag="700" ind1=" " ind2=" ">
    <subfield code="a">Fukatsu, K</subfield>
    <subfield code="u">Nagoya U., Solar-Terrestrial Environ. Lab.</subfield>
  </datafield>
  <datafield tag="700" ind1=" " ind2=" ">
    <subfield code="a">Haguenauer, M</subfield>
    <subfield code="u">Ecole Polytechnique</subfield>
  </datafield>
  <datafield tag="700" ind1=" " ind2=" ">
    <subfield code="a">Iso, T</subfield>
    <subfield code="u">Nagoya U., Solar-Terrestrial Environ. Lab.</subfield>
  </datafield>
  <datafield tag="700" ind1=" " ind2=" ">
    <subfield code="a">Itow, Y</subfield>
    <subfield code="u">Nagoya U., Solar-Terrestrial Environ. Lab.</subfield>
    <subfield code="u">KMI, Nagoya</subfield>
  </datafield>
  <datafield tag="700" ind1=" " ind2=" ">
    <subfield code="a">Kasahara, K</subfield>
    <subfield code="u">Waseda U., RISE</subfield>
  </datafield>
  <datafield tag="700" ind1=" " ind2=" ">
    <subfield code="a">Kawade, K</subfield>
    <subfield code="u">Nagoya U., Solar-Terrestrial Environ. Lab.</subfield>
  </datafield>
  <datafield tag="700" ind1=" " ind2=" ">
    <subfield code="a">Mase, T</subfield>
    <subfield code="u">Nagoya U., Solar-Terrestrial Environ. Lab.</subfield>
  </datafield>
  <datafield tag="700" ind1=" " ind2=" ">
    <subfield code="a">Masuda, K</subfield>
    <subfield code="u">Nagoya U., Solar-Terrestrial Environ. Lab.</subfield>
  </datafield>
  <datafield tag="700" ind1=" " ind2=" ">
    <subfield code="a">Menjo, H</subfield>
    <subfield code="u">INFN, Florence</subfield>
    <subfield code="u">KMI, Nagoya</subfield>
  </datafield>
  <datafield tag="700" ind1=" " ind2=" ">
    <subfield code="a">Mitsuka, G</subfield>
    <subfield code="u">Nagoya U., Solar-Terrestrial Environ. Lab.</subfield>
  </datafield>
  <datafield tag="700" ind1=" " ind2=" ">
    <subfield code="a">Muraki, Y</subfield>
    <subfield code="u">Nagoya U., Solar-Terrestrial Environ. Lab.</subfield>
  </datafield>
  <datafield tag="700" ind1=" " ind2=" ">
    <subfield code="a">Noda, K</subfield>
    <subfield code="u">INFN, Catania</subfield>
  </datafield>
  <datafield tag="700" ind1=" " ind2=" ">
    <subfield code="a">Papini, P</subfield>
    <subfield code="u">INFN, Florence</subfield>
  </datafield>
  <datafield tag="700" ind1=" " ind2=" ">
    <subfield code="a">Perrot, A-L</subfield>
    <subfield code="u">CERN</subfield>
  </datafield>
  <datafield tag="700" ind1=" " ind2=" ">
    <subfield code="a">Ricciarini, S</subfield>
    <subfield code="u">INFN, Florence</subfield>
  </datafield>
  <datafield tag="700" ind1=" " ind2=" ">
    <subfield code="a">Sako, T</subfield>
    <subfield code="u">Nagoya U., Solar-Terrestrial Environ. Lab.</subfield>
    <subfield code="u">KMI, Nagoya</subfield>
  </datafield>
  <datafield tag="700" ind1=" " ind2=" ">
    <subfield code="a">Shimizu, Y</subfield>
    <subfield code="u">Waseda U., RISE</subfield>
  </datafield>
  <datafield tag="700" ind1=" " ind2=" ">
    <subfield code="a">Suzuki, K</subfield>
    <subfield code="u">Nagoya U., Solar-Terrestrial Environ. Lab.</subfield>
  </datafield>
  <datafield tag="700" ind1=" " ind2=" ">
    <subfield code="a">Suzuki, T</subfield>
    <subfield code="u">Waseda U., RISE</subfield>
  </datafield>
  <datafield tag="700" ind1=" " ind2=" ">
    <subfield code="a">Taki, K</subfield>
    <subfield code="u">Nagoya U., Solar-Terrestrial Environ. Lab.</subfield>
  </datafield>
  <datafield tag="700" ind1=" " ind2=" ">
    <subfield code="a">Tamura, T</subfield>
    <subfield code="u">Kanagawa U.</subfield>
  </datafield>
  <datafield tag="700" ind1=" " ind2=" ">
    <subfield code="a">Torii, S</subfield>
    <subfield code="u">Waseda U., RISE</subfield>
  </datafield>
  <datafield tag="700" ind1=" " ind2=" ">
    <subfield code="a">Tricomi, A</subfield>
    <subfield code="u">INFN, Catania</subfield>
    <subfield code="u">Catania U.</subfield>
  </datafield>
  <datafield tag="700" ind1=" " ind2=" ">
    <subfield code="a">Turner, W C</subfield>
    <subfield code="u">LBL, Berkeley</subfield>
  </datafield>
  <datafield tag="100" ind1=" " ind2=" ">
    <subfield code="a">Adriani, O</subfield>
    <subfield code="u">INFN, Florence</subfield>
    <subfield code="u">Florence U.</subfield>
  </datafield>
  <datafield tag="037" ind1=" " ind2=" ">
    <subfield code="a">arXiv:1205.4578</subfield>
  </datafield>
  <datafield tag="035" ind1=" " ind2=" ">
    <subfield code="9">arXiv</subfield>
    <subfield code="a">oai:arXiv.org:1205.4578</subfield>
  </datafield>
  <datafield tag="035" ind1=" " ind2=" ">
    <subfield code="9">Inspire</subfield>
    <subfield code="a">1115479</subfield>
  </datafield>
  <datafield tag="693" ind1=" " ind2=" ">
    <subfield code="a">CERN LHC</subfield>
    <subfield code="e">LHCf</subfield>
  </datafield>
  <datafield tag="690" ind1="C" ind2=" ">
    <subfield code="a">CERN</subfield>
  </datafield>
  <datafield tag="690" ind1="C" ind2=" ">
    <subfield code="a">PREPRINT</subfield>
  </datafield>
  <datafield tag="690" ind1="C" ind2=" ">
    <subfield code="a">LHCf_Papers</subfield>
  </datafield>
  <datafield tag="695" ind1=" " ind2=" ">
    <subfield code="9">LANL EDS</subfield>
    <subfield code="a">hep-ex</subfield>
  </datafield>
  <datafield tag="859" ind1=" " ind2=" ">
    <subfield code="f">takashi.sako@cern.ch</subfield>
  </datafield>
  <datafield tag="542" ind1=" " ind2=" ">
    <subfield code="3">Preprint</subfield>
    <subfield code="d">CERN</subfield>
    <subfield code="g">2012</subfield>
  </datafield>
  <datafield tag="540" ind1=" " ind2=" ">
    <subfield code="3">Preprint</subfield>
    <subfield code="a">CC-BY-3.0</subfield>
  </datafield>
  <datafield tag="520" ind1=" " ind2=" ">
    <subfield code="a">The inclusive production rate of neutral pions in the rapidity range greater than $y=8.9$ has been measured by the Large Hadron Collider forward (LHCf) experiment during LHC $\sqrt{s}=7$\,TeV proton-proton collision operation in early 2010. This paper presents the transverse momentum spectra of the neutral pions. The spectra from two independent LHCf detectors are consistent with each other and serve as a cross check of the data. The transverse momentum spectra are also compared with the predictions of several hadronic interaction models that are often used for high energy particle physics and for modeling ultra-high-energy cosmic-ray showers.</subfield>
  </datafield>
  <datafield tag="653" ind1="1" ind2=" ">
    <subfield code="9">CERN</subfield>
    <subfield code="a">forward physics</subfield>
  </datafield>
  <datafield tag="653" ind1="1" ind2=" ">
    <subfield code="9">CERN</subfield>
    <subfield code="a">experimental results</subfield>
  </datafield>
  <datafield tag="653" ind1="1" ind2=" ">
    <subfield code="9">CERN</subfield>
    <subfield code="a">ultra-high-energy cosmic rays</subfield>
  </datafield>
  <datafield tag="650" ind1="1" ind2="7">
    <subfield code="2">SzGeCERN</subfield>
    <subfield code="a">Particle Physics - Experiment</subfield>
  </datafield>
  <datafield tag="506" ind1=" " ind2=" ">
    <subfield code="d">takashi.sako@cern.ch</subfield>
  </datafield>
  <datafield tag="506" ind1=" " ind2=" ">
    <subfield code="m">cds-ph-ep-publications-referee [CERN]</subfield>
  </datafield>
  <datafield tag="916" ind1=" " ind2=" ">
    <subfield code="s">n</subfield>
    <subfield code="w">201220</subfield>
  </datafield>
  <datafield tag="960" ind1=" " ind2=" ">
    <subfield code="a">11</subfield>
  </datafield>
  <datafield tag="500" ind1=" " ind2=" ">
    <subfield code="a">Comments: 15 Pages, 10 figures. To be submitted to Phys. Rev. D</subfield>
  </datafield>
  <datafield tag="088" ind1=" " ind2=" ">
    <subfield code="9">CERN-PH-EP-DRAFT-LHCf-2012-002</subfield>
  </datafield>
  <datafield tag="088" ind1=" " ind2=" ">
    <subfield code="a">CERN-PH-EP-2012-145</subfield>
  </datafield>
  <datafield tag="773" ind1=" " ind2=" ">
    <subfield code="p">Phys. Rev. D</subfield>
  </datafield>
  <datafield tag="300" ind1=" " ind2=" ">
    <subfield code="a">15 p</subfield>
  </datafield>
  <datafield tag="562" ind1=" " ind2=" ">
    <subfield code="c">Public comments</subfield>
  </datafield>
  <datafield tag="856" ind1="4" ind2=" ">
    <subfield code="u">http://cdsweb.cern.ch/record/1449455/files/CERN-PH-EP-DRAFT-LHCf-2012-002 - draft.pdf</subfield>
    <subfield code="y">Draft (restricted)</subfield>
    <subfield code="z">Stamped by WebSubmit: 20/05/2012</subfield>
  </datafield>
  <datafield tag="856" ind1="4" ind2=" ">
    <subfield code="u">http://arxiv.org/pdf/1205.4578.pdf</subfield>
    <subfield code="y">Preprint</subfield>
  </datafield>
  <datafield tag="710" ind1=" " ind2=" ">
    <subfield code="5">PH</subfield>
  </datafield>
  <datafield tag="710" ind1=" " ind2=" ">
    <subfield code="g">LHCf Collaboration</subfield>
  </datafield>
  <datafield tag="245" ind1=" " ind2=" ">
    <subfield code="a">Measurement of forward neutral pion transverse momentum spectra for $\sqrt{s}$ = 7TeV proton-proton collisions at LHC</subfield>
  </datafield>
  <datafield tag="024" ind1="8" ind2=" ">
    <subfield code="a">oai:cds.cern.ch:1449455</subfield>
    <subfield code="p">cerncds:CERN</subfield>
  </datafield>
  <datafield tag="260" ind1=" " ind2=" ">
    <subfield code="c">2012</subfield>
  </datafield>
  <datafield tag="269" ind1=" " ind2=" ">
    <subfield code="a">Geneva</subfield>
    <subfield code="b">CERN</subfield>
    <subfield code="c">17 May 2012</subfield>
  </datafield>
  <datafield tag="084" ind1=" " ind2=" ">
    <subfield code="2">CERN Library</subfield>
    <subfield code="a">PH-EP-2012-145</subfield>
  </datafield>
  <datafield tag="041" ind1=" " ind2=" ">
    <subfield code="a">eng</subfield>
  </datafield>
  <datafield tag="903" ind1="1" ind2=" ">
    <subfield code="a">Approval requested for number CERN-PH-EP-2012-145</subfield>
    <subfield code="b">CERN-PH-EP-2012-145</subfield>
    <subfield code="c">EPPHAPP</subfield>
    <subfield code="d">2012-05-17 11:07:25</subfield>
    <subfield code="e">2012-05-24 11:07:25</subfield>
    <subfield code="f">takashi.sako@cern.ch</subfield>
    <subfield code="s">waiting</subfield>
  </datafield>
  <datafield tag="903" ind1="1" ind2=" ">
    <subfield code="a">Document approved</subfield>
    <subfield code="b">CERN-PH-EP-2012-145</subfield>
    <subfield code="c">EPPHAPP</subfield>
    <subfield code="d">2012-05-20 15:18:57</subfield>
    <subfield code="f">philippe.bloch@cern.ch</subfield>
    <subfield code="s">approved</subfield>
  </datafield>
  <datafield tag="909" ind1="C" ind2="O">
    <subfield code="o">oai:atlantis.cern.ch:1449455</subfield>
    <subfield code="p">cerncds:CERN</subfield>
  </datafield>
</record>