
<record>
  <datafield tag="037" ind1=" " ind2=" ">
    <subfield code="a">EMI-NA1-TD004</subfield>
  </datafield>
  <datafield tag="041" ind1=" " ind2=" ">
    <subfield code="a">eng</subfield>
  </datafield>
  <datafield tag="100" ind1=" " ind2=" ">
    <subfield code="a">Di Meglio, Alberto</subfield>
    <subfield code="u">CERN/EMI</subfield>
  </datafield>
  <datafield tag="245" ind1=" " ind2=" ">
    <subfield code="a">ScienceSoft Overview</subfield>
  </datafield>
  <datafield tag="260" ind1=" " ind2=" ">
    <subfield code="c">2012</subfield>
  </datafield>
  <datafield tag="269" ind1=" " ind2=" ">
    <subfield code="b">CERN</subfield>
    <subfield code="a">Geneva</subfield>
    <subfield code="c">2012-03-01</subfield>
  </datafield>
  <datafield tag="300" ind1=" " ind2=" ">
    <subfield code="a">mult. p</subfield>
  </datafield>
  <datafield tag="506" ind1=" " ind2=" ">
    <subfield code="a">public</subfield>
  </datafield>
  <datafield tag="506" ind1="1" ind2=" ">
  </datafield>
  <datafield tag="520" ind1=" " ind2=" ">
    <subfield code="a">This document describes the motivation, content and plans for the EMI-led ScienceSoft initiative</subfield>
  </datafield>
  <datafield tag="562" ind1=" " ind2=" ">
    <subfield code="c">Comments submitted after 25-05-2012 06:18</subfield>
  </datafield>
  <datafield tag="594" ind1=" " ind2=" ">
    <subfield code="a">NA1</subfield>
  </datafield>
  <datafield tag="595" ind1=" " ind2=" ">
    <subfield code="a">CERN Invenio WebSubmit</subfield>
    <subfield code="b">GENSBM</subfield>
    <subfield code="c">1</subfield>
  </datafield>
  <datafield tag="653" ind1="1" ind2=" ">
    <subfield code="a">EMI</subfield>
    <subfield code="9">CERN</subfield>
  </datafield>
  <datafield tag="653" ind1="1" ind2=" ">
    <subfield code="a">ScienceSoft</subfield>
    <subfield code="9">CERN</subfield>
  </datafield>
  <datafield tag="653" ind1="1" ind2=" ">
    <subfield code="a">Open source</subfield>
    <subfield code="9">CERN</subfield>
  </datafield>
  <datafield tag="690" ind1="C" ind2=" ">
    <subfield code="a">CERN</subfield>
  </datafield>
  <datafield tag="710" ind1=" " ind2=" ">
    <subfield code="5">IT</subfield>
  </datafield>
  <datafield tag="856" ind1="4" ind2=" ">
    <subfield code="u">http://cdsweb.cern.ch/record/1451518/files/sciencesoft_v1.0.pdf</subfield>
    <subfield code="y">ScienceSoft Overview</subfield>
  </datafield>
  <datafield tag="856" ind1="4" ind2=" ">
    <subfield code="u">http://cdsweb.cern.ch/record/1451518/files/sciencesoft_v1.0.gif?subformat=icon</subfield>
    <subfield code="x">icon</subfield>
    <subfield code="y">ScienceSoft Overview</subfield>
  </datafield>
  <datafield tag="856" ind1="4" ind2=" ">
    <subfield code="u">http://cdsweb.cern.ch/record/1451518/files/sciencesoft_v1.0.pdf?subformat=pdfa</subfield>
    <subfield code="x">pdfa</subfield>
    <subfield code="y">ScienceSoft Overview</subfield>
  </datafield>
  <datafield tag="859" ind1=" " ind2=" ">
    <subfield code="f">alberto.di.meglio@cern.ch</subfield>
  </datafield>
  <datafield tag="916" ind1=" " ind2=" ">
    <subfield code="s">n</subfield>
    <subfield code="w">201221</subfield>
  </datafield>
  <datafield tag="980" ind1=" " ind2=" ">
    <subfield code="a">EMI-NA1-Technical-Documents</subfield>
  </datafield>
</record>