
<record>
  <datafield tag="088" ind1=" " ind2=" ">
    <subfield code="a">DG-IN-2004-615</subfield>
  </datafield>
  <datafield tag="100" ind1=" " ind2=" ">
    <subfield code="a">Prof. Monh Quandg Tran</subfield>
  </datafield>
  <datafield tag="245" ind1=" " ind2=" ">
    <subfield code="a">Extension of the nomination of Dr Andreani as EFDA Associate Leader for Technology until 31 December 2004.</subfield>
    <subfield code="k">memo</subfield>
  </datafield>
  <datafield tag="260" ind1=" " ind2=" ">
    <subfield code="c">2004</subfield>
  </datafield>
  <datafield tag="269" ind1=" " ind2=" ">
    <subfield code="c">06 Apr 2004</subfield>
  </datafield>
  <datafield tag="520" ind1=" " ind2=" ">
    <subfield code="9">Extension of the nomination of Dr Andreani as EFDA Associate Leader for Technology until 31 December 2004.</subfield>
  </datafield>
  <datafield tag="583" ind1=" " ind2=" ">
    <subfield code="a">Completed</subfield>
  </datafield>
  <datafield tag="583" ind1=" " ind2=" ">
    <subfield code="i">IN</subfield>
  </datafield>
  <datafield tag="595" ind1=" " ind2=" ">
    <subfield code="a">CERN EDS</subfield>
  </datafield>
  <datafield tag="650" ind1="1" ind2="7">
    <subfield code="2">SzGeCERN</subfield>
    <subfield code="a">EIROforum</subfield>
  </datafield>
  <datafield tag="653" ind1="1" ind2=" ">
    <subfield code="9">CERN</subfield>
  </datafield>
  <datafield tag="859" ind1=" " ind2=" ">
    <subfield code="f">Geraldine.Jean@cern.ch</subfield>
  </datafield>
  <datafield tag="916" ind1=" " ind2=" ">
    <subfield code="s">n</subfield>
    <subfield code="w">200415</subfield>
  </datafield>
  <datafield tag="926" ind1=" " ind2=" ">
    <subfield code="a">all-EFDA</subfield>
  </datafield>
  <datafield tag="960" ind1=" " ind2=" ">
    <subfield code="a">39</subfield>
  </datafield>
  <datafield tag="980" ind1=" " ind2=" ">
    <subfield code="a">DGOFFICE</subfield>
  </datafield>
  <datafield tag="856" ind1="4" ind2=" ">
    <subfield code="u">http://doc.cern.ch/cgi-bin/setlink?base=dg&amp;categ=private&amp;id=DG-IN-2004-615</subfield>
    <subfield code="y">Access to Documents</subfield>
  </datafield>
  <datafield tag="856" ind1="4" ind2=" ">
    <subfield code="u">http://cds.cern.ch/record/728578/files/dg-in-2004-615.msg</subfield>
    <subfield code="y">Access to Documents</subfield>
  </datafield>
</record>