/n<record xmlns="http://www.loc.gov/MARC21/slim">
	
<controlfield tag="003">SzGeCERN</controlfield>
<controlfield tag="005">20041019105043.0</controlfield>
   <datafield tag="041" ind1="" ind2="">
      <subfield code="a">eng</subfield>
   </datafield>
   <datafield tag="088" ind1="" ind2="">
      <subfield code="a">CERN-LEPC-85-3</subfield>
   </datafield>
   <datafield tag="088" ind1="" ind2="">
      <subfield code="a">LEPC-PH-1</subfield>
   </datafield>
   <datafield tag="110" ind1="" ind2="">
      <subfield code="a">CERN. Geneva. LEP Experiments Committee</subfield>
   </datafield>
   <datafield tag="245" ind1="" ind2="">
      <subfield code="a">OPAL: Results on Vacuum Photo Triode</subfield>
   </datafield>
   <datafield tag="260" ind1="" ind2="">
      <subfield code="c">1985</subfield>
   </datafield>
   <datafield tag="269" ind1="" ind2="">
      <subfield code="a">Geneva</subfield>
      <subfield code="b">CERN</subfield>
      <subfield code="c">1985</subfield>
   </datafield>
   <datafield tag="300" ind1="" ind2="">
      <subfield code="a">mult. p</subfield>
   </datafield>
   <datafield tag="500" ind1="" ind2="">
      <subfield code="a">Fulltext not available</subfield>
   </datafield>
   <datafield tag="650" ind1="1" ind2="7">
      <subfield code="2">SzGeCERN</subfield>
      <subfield code="a">Detectors and Experimental Techniques</subfield>
   </datafield>
   <datafield tag="690" ind1="C" ind2="">
      <subfield code="a">CERN</subfield>
   </datafield>
   <datafield tag="690" ind1="C" ind2="">
      <subfield code="a">SCICOM</subfield>
   </datafield>
   <datafield tag="690" ind1="C" ind2="">
      <subfield code="a">PUBLLEPC</subfield>
   </datafield>
   <datafield tag="693" ind1="" ind2="">
      <subfield code="a">CERN LEP</subfield>
      <subfield code="e">OPAL</subfield>
   </datafield>
   <datafield tag="710" ind1="" ind2="">
      <subfield code="5">CERN?</subfield>
   </datafield>
   <datafield tag="916" ind1="" ind2="">
      <subfield code="s">m</subfield>
      <subfield code="w">199623</subfield>
   </datafield>
   <datafield tag="960" ind1="" ind2="">
      <subfield code="a">16</subfield>
   </datafield>
   <datafield tag="961" ind1="" ind2="">
      <subfield code="c">20051101</subfield>
      <subfield code="h">2003</subfield>
      <subfield code="l">CER01</subfield>
      <subfield code="x">20040729</subfield>
   </datafield>
   <datafield tag="963" ind1="" ind2="">
      <subfield code="a">PUBLIC</subfield>
   </datafield>
   <datafield tag="970" ind1="" ind2="">
      <subfield code="a">002472592CER</subfield>
   </datafield>
   <datafield tag="980" ind1="" ind2="">
      <subfield code="a">SCICOMMPUBLLEPC</subfield>
   </datafield>
</record>