
<record>
  <datafield tag="037" ind1=" " ind2=" ">
    <subfield code="a">BUL-GI-2011-011</subfield>
  </datafield>
  <datafield tag="041" ind1=" " ind2=" ">
    <subfield code="a">en</subfield>
  </datafield>
  <datafield tag="041" ind1=" " ind2=" ">
    <subfield code="a">fr</subfield>
  </datafield>
  <datafield tag="100" ind1=" " ind2=" ">
    <subfield code="a">Carlson Wagonlit Travel</subfield>
  </datafield>
  <datafield tag="245" ind1=" " ind2=" ">
    <subfield code="a">Information from Carlson Wagonlit Travel</subfield>
  </datafield>
  <datafield tag="246" ind1=" " ind2="1">
    <subfield code="a">Une information de Carlson Wagonlit Travel</subfield>
  </datafield>
  <datafield tag="260" ind1=" " ind2=" ">
    <subfield code="c">2011</subfield>
  </datafield>
  <datafield tag="269" ind1=" " ind2=" ">
    <subfield code="c">04/02/2011</subfield>
  </datafield>
  <datafield tag="520" ind1=" " ind2=" ">
    <subfield code="b">&lt;!--HTML-->&lt;strong>Special offer&lt;/strong>&lt;br /> &lt;br /> From 14th &amp;ndash; 28th February 2011 no CWT service fee!&lt;br /> &lt;br /> For any new reservation of a holiday package (flight + hotel/apartment) from a catalog &amp;ldquo;summer 2011&amp;rdquo;.&lt;br /> &lt;br /> For any additional information our staff is at your disposal from Monday &amp;ndash; Friday, 8h30 &amp;ndash; 16h30. Phone number 72763 or 72797.&lt;br /> &lt;em>&lt;br /> CERN Agency&lt;/em>&lt;br /> &lt;br /> &lt;br /> &lt;br /></subfield>
  </datafield>
  <datafield tag="590" ind1=" " ind2=" ">
    <subfield code="b">&lt;!--HTML-->&lt;strong>Offre sp&amp;eacute;ciale&lt;/strong>&lt;br /> &lt;br /> Frais de dossier offerts pour toute nouvelle r&amp;eacute;servation d&amp;rsquo;un arrangement forfaitaire (vol + h&amp;ocirc;tel/appartement) d&amp;rsquo;un catalogue &amp;eacute;t&amp;eacute; 2011.&lt;br /> &lt;br /> Offre valable du 14 &amp;ndash; 28 f&amp;eacute;vrier 2011&lt;br /> &lt;br /> Notre &amp;eacute;quipe est &amp;agrave; votre disposition du lundi au vendredi, 8h30 &amp;ndash; 16h30. T&amp;eacute;l 72763 ou 72797.&lt;br /> &lt;em>&lt;br /> Agence du CERN&lt;/em>&lt;br /></subfield>
  </datafield>
  <datafield tag="595" ind1=" " ind2=" ">
    <subfield code="a">CERN Bulletin</subfield>
  </datafield>
  <datafield tag="773" ind1=" " ind2=" ">
    <subfield code="c">01</subfield>
    <subfield code="n">07/2011</subfield>
    <subfield code="t">CERN Bulletin</subfield>
  </datafield>
  <datafield tag="773" ind1=" " ind2=" ">
    <subfield code="c">01</subfield>
    <subfield code="n">08/2011</subfield>
    <subfield code="t">CERN Bulletin</subfield>
  </datafield>
  <datafield tag="859" ind1=" " ind2=" ">
    <subfield code="a">sgraedel@carlsonwagonlit.ch</subfield>
    <subfield code="f">christiane.lefevre@cern.ch</subfield>
  </datafield>
  <datafield tag="906" ind1=" " ind2=" ">
    <subfield code="m">Bulletin-Editors@cern.ch</subfield>
  </datafield>
  <datafield tag="691" ind1=" " ind2=" ">
    <subfield code="a"></subfield>
  </datafield>
  <datafield tag="980" ind1=" " ind2=" ">
    <subfield code="a">BULLETINGENERAL</subfield>
  </datafield>
</record>