
<record>
  <controlfield tag="003">SzGeCERN</controlfield>
  <controlfield tag="005">20050119151127.0</controlfield>
  <datafield tag="595" ind1=" " ind2=" ">
    <subfield code="a">1.26.07</subfield>
  </datafield>
  <datafield tag="961" ind1=" " ind2=" ">
    <subfield code="c">20050326</subfield>
    <subfield code="h">0013</subfield>
    <subfield code="l">ARC01</subfield>
    <subfield code="x">20010731</subfield>
  </datafield>
  <datafield tag="852" ind1=" " ind2=" ">
    <subfield code="a">CERN Archives. Bldg. 61-S-001</subfield>
    <subfield code="c">X0601 - X0602</subfield>
  </datafield>
  <datafield tag="963" ind1=" " ind2=" ">
    <subfield code="a">PUBLIC</subfield>
  </datafield>
  <datafield tag="980" ind1=" " ind2=" ">
    <subfield code="a">ARC012607</subfield>
  </datafield>
  <datafield tag="970" ind1=" " ind2=" ">
    <subfield code="a">000038295ARC</subfield>
  </datafield>
  <datafield tag="245" ind1=" " ind2=" ">
    <subfield code="a">Library Committee</subfield>
    <subfield code="b">Library Committee documents</subfield>
  </datafield>
  <datafield tag="929" ind1=" " ind2=" ">
    <subfield code="a">Permanent</subfield>
  </datafield>
  <datafield tag="340" ind1=" " ind2=" ">
    <subfield code="a">Paper</subfield>
  </datafield>
  <datafield tag="506" ind1=" " ind2=" ">
    <subfield code="a">Restricted</subfield>
  </datafield>
  <datafield tag="960" ind1=" " ind2=" ">
    <subfield code="a">07</subfield>
  </datafield>
  <datafield tag="916" ind1=" " ind2=" ">
    <subfield code="w">200130</subfield>
  </datafield>
  <datafield tag="490" ind1=" " ind2=" ">
    <subfield code="a">CERN-ARCH-LIBCOM</subfield>
    <subfield code="v">Collection: Library Committee</subfield>
  </datafield>
  <datafield tag="925" ind1=" " ind2=" ">
    <subfield code="a">1981-01-01</subfield>
    <subfield code="b">1983-01-01</subfield>
  </datafield>
  <datafield tag="500" ind1=" " ind2=" ">
    <subfield code="a">This is a temporary description, the material is not fully catalogued</subfield>
  </datafield>
  <datafield tag="927" ind1=" " ind2=" ">
    <subfield code="a">CERN-ARCH-LIBCOM</subfield>
  </datafield>
</record>