
<record>
  <controlfield tag="003">SzGeCERN</controlfield>
  <datafield tag="981" ind1=" " ind2=" ">
    <subfield code="a">941923</subfield>
  </datafield>
  <datafield tag="700" ind1=" " ind2=" ">
    <subfield code="a">Fabich, A</subfield>
    <subfield code="u">CERN</subfield>
  </datafield>
  <datafield tag="700" ind1=" " ind2=" ">
    <subfield code="a">Lindroos, M</subfield>
    <subfield code="u">CERN</subfield>
  </datafield>
  <datafield tag="700" ind1=" " ind2=" ">
    <subfield code="a">Hancock, S</subfield>
    <subfield code="u">CERN</subfield>
  </datafield>
  <datafield tag="037" ind1=" " ind2=" ">
    <subfield code="a">EURISOL-12-23-2005-0002</subfield>
  </datafield>
  <datafield tag="693" ind1=" " ind2=" ">
    <subfield code="a">XX</subfield>
    <subfield code="e">XX</subfield>
  </datafield>
  <datafield tag="856" ind1="4" ind2=" ">
    <subfield code="u">http://cdsweb.cern.ch/record/1355356/files/document.pdf</subfield>
  </datafield>
  <datafield tag="856" ind1="4" ind2=" ">
    <subfield code="u">http://cdsweb.cern.ch/record/1355356/files/document.txt</subfield>
  </datafield>
  <datafield tag="970" ind1=" " ind2=" ">
    <subfield code="a">002609112CER</subfield>
  </datafield>
  <datafield tag="980" ind1=" " ind2=" ">
    <subfield code="a">ARTICLE</subfield>
    <subfield code="a">Conference Paper</subfield>
  </datafield>
  <datafield tag="980" ind1=" " ind2=" ">
    <subfield code="a">ConferencePaper</subfield>
  </datafield>
  <datafield tag="859" ind1=" " ind2=" ">
    <subfield code="f">Michael.Benedikt@cern.ch</subfield>
  </datafield>
  <datafield tag="520" ind1=" " ind2=" ">
    <subfield code="a">The beta-beam concept for the production of intense electron (anti-)neutrino beams is now well established.A baseline design has recently been published for a beta-beam facility at CERN. It has the virtue to respect the known limitations of the PS and SPS synchrotrons at CERN but it falls short of delivering the requested annual rate of anti-neutrinos. We here report on a first analysis on how to increase the rate.</subfield>
  </datafield>
  <datafield tag="650" ind1="1" ind2="7">
    <subfield code="2">EURISOL</subfield>
    <subfield code="a">12: TASK 12</subfield>
    <subfield code="e">Task</subfield>
  </datafield>
  <datafield tag="650" ind1="1" ind2="7">
    <subfield code="2">SzGeCERN</subfield>
    <subfield code="a">Accelerators and Storage Rings</subfield>
  </datafield>
  <datafield tag="916" ind1=" " ind2=" ">
    <subfield code="s">h</subfield>
    <subfield code="w">200615</subfield>
    <subfield code="y">a2006</subfield>
  </datafield>
  <datafield tag="773" ind1=" " ind2=" ">
    <subfield code="c">211-213</subfield>
    <subfield code="p">Nucl. Phys. B, Proc. Suppl.</subfield>
    <subfield code="v">155</subfield>
    <subfield code="y">2006</subfield>
    <subfield code="a">10.1016/j.nuclphysbps.2006.02.052</subfield>
  </datafield>
  <datafield tag="690" ind1="C" ind2=" ">
    <subfield code="a">CERN</subfield>
  </datafield>
  <datafield tag="690" ind1="C" ind2=" ">
    <subfield code="a">ARTICLE</subfield>
  </datafield>
  <datafield tag="710" ind1=" " ind2=" ">
    <subfield code="5">AB</subfield>
  </datafield>
  <datafield tag="710" ind1=" " ind2=" ">
    <subfield code="b">The beta-beam task within EURISOL DS</subfield>
  </datafield>
  <datafield tag="260" ind1=" " ind2=" ">
    <subfield code="c">21/12/05</subfield>
  </datafield>
  <datafield tag="260" ind1=" " ind2=" ">
    <subfield code="c">2006</subfield>
  </datafield>
  <datafield tag="100" ind1=" " ind2=" ">
    <subfield code="a">Benedikt, Michael</subfield>
    <subfield code="u">CERN</subfield>
  </datafield>
  <datafield tag="041" ind1=" " ind2=" ">
    <subfield code="a">eng</subfield>
  </datafield>
  <datafield tag="245" ind1=" " ind2=" ">
    <subfield code="a">Optimization of the beta-beam baseline</subfield>
  </datafield>
  <datafield tag="901" ind1=" " ind2=" ">
    <subfield code="u">CERN</subfield>
  </datafield>
  <datafield tag="960" ind1=" " ind2=" ">
    <subfield code="a">13</subfield>
  </datafield>
  <datafield tag="961" ind1=" " ind2=" ">
    <subfield code="c">20100608</subfield>
    <subfield code="h">1159</subfield>
    <subfield code="l">CER01</subfield>
    <subfield code="x">20060412</subfield>
  </datafield>
  <datafield tag="962" ind1=" " ind2=" ">
    <subfield code="b">002507039</subfield>
    <subfield code="k">211-213</subfield>
    <subfield code="n">frascati20050621</subfield>
  </datafield>
  <datafield tag="963" ind1=" " ind2=" ">
    <subfield code="a">PUBLIC</subfield>
  </datafield>
  <datafield tag="536" ind1=" " ind2=" ">
    <subfield code="a">FP6</subfield>
    <subfield code="c">515768</subfield>
    <subfield code="f">EURISOL DS</subfield>
    <subfield code="r">openAccess</subfield>
  </datafield>
</record>