
<record>
  <controlfield tag="003">SzGeCERN</controlfield>
  <controlfield tag="005">20130514103302.0</controlfield>
  <datafield tag="024" ind1="7" ind2=" ">
    <subfield code="2">DOI</subfield>
    <subfield code="a">10.1007/s10494-011-9345-0</subfield>
  </datafield>
  <datafield tag="035" ind1=" " ind2=" ">
    <subfield code="a">oai:arXiv.org:1305.2885</subfield>
    <subfield code="u">http://export.arxiv.org/oai2</subfield>
    <subfield code="d">2013-05-14</subfield>
    <subfield code="h">2013-05-14T06:12:16Z</subfield>
    <subfield code="m">arXiv</subfield>
    <subfield code="t">false</subfield>
    <subfield code="9">arXiv</subfield>
  </datafield>
  <datafield tag="037" ind1=" " ind2=" ">
    <subfield code="a">arXiv:1305.2885</subfield>
  </datafield>
  <datafield tag="041" ind1=" " ind2=" ">
    <subfield code="a">eng</subfield>
  </datafield>
  <datafield tag="100" ind1=" " ind2=" ">
    <subfield code="a">Viazzo, Stéphane</subfield>
    <subfield code="u">M2P2</subfield>
  </datafield>
  <datafield tag="700" ind1=" " ind2=" ">
    <subfield code="a">Poncet, Sébastien</subfield>
    <subfield code="u">M2P2</subfield>
  </datafield>
  <datafield tag="700" ind1=" " ind2=" ">
    <subfield code="a">Serre, Eric</subfield>
    <subfield code="u">M2P2</subfield>
  </datafield>
  <datafield tag="700" ind1=" " ind2=" ">
    <subfield code="a">Randriamampianina, Anthony</subfield>
    <subfield code="u">M2P2</subfield>
  </datafield>
  <datafield tag="700" ind1=" " ind2=" ">
    <subfield code="a">Bontoux, Patrick</subfield>
    <subfield code="u">M2P2</subfield>
  </datafield>
  <datafield tag="773" ind1=" " ind2=" ">
    <subfield code="p">Turbulence and Combustion</subfield>
    <subfield code="v">88</subfield>
    <subfield code="y">2011</subfield>
    <subfield code="c">63-75</subfield>
    <subfield code="o">Flow, Turbulence and Combustion 88 (2011) 63-75</subfield>
  </datafield>
  <datafield tag="856" ind1="4" ind2=" ">
    <subfield code="u">http://arxiv.org/pdf/1305.2885.pdf</subfield>
    <subfield code="y">Preprint</subfield>
  </datafield>
  <datafield tag="916" ind1=" " ind2=" ">
    <subfield code="s">n</subfield>
    <subfield code="w">201319</subfield>
  </datafield>
  <datafield tag="245" ind1=" " ind2=" ">
    <subfield code="a">High-order Large Eddy Simulations of Confined Rotor-Stator Flows</subfield>
  </datafield>
  <datafield tag="269" ind1=" " ind2=" ">
    <subfield code="c">13 May 2013</subfield>
  </datafield>
  <datafield tag="300" ind1=" " ind2=" ">
    <subfield code="a">mult. p</subfield>
  </datafield>
  <datafield tag="520" ind1=" " ind2=" ">
    <subfield code="a">In many engineering and industrial applications, the investigation of rotating turbulent flow is of great interest. In rotor-stator cavities, the centrifugal and Coriolis forces have a strong influence on the turbulence by producing a secondary flow in the meridian plane composed of two thin boundary layers along the disks separated by a non-viscous geostrophic core. Most numerical simulations have been performed using RANS and URANS modelling, and very few investigations have been performed using LES. This paper reports on quantitative comparisons of two high-order LES methods to predict a turbulent rotor-stator flow at the rotational Reynolds number Re=400000. The classical dynamic Smagorinsky model for the subgrid-scale stress (Germano et al., Phys Fluids A 3(7):1760-1765, 1991) is compared to a spectral vanishing viscosity technique (S\'everac &amp; Serre, J Comp Phys 226(2):1234-1255, 2007). Numerical results include both instantaneous data and postprocessed statistics. The results show that both LES methods are able to accurately describe the unsteady flow structures and to satisfactorily predict mean velocities as well as Reynolds stress tensor components. A slight advantage is given to the spectral SVV approach in terms of accuracy and CPU cost. The strong improvements obtained in the present results with respect to RANS results confirm that LES is the appropriate level of modelling for flows in which fully turbulent and transition regimes are involved.</subfield>
  </datafield>
  <datafield tag="595" ind1=" " ind2=" ">
    <subfield code="a">LANL EDS</subfield>
  </datafield>
  <datafield tag="595" ind1=" " ind2=" ">
    <subfield code="a">Title has not been found in the knowledge base. Please add "TURBULENCE AND COMBUSTION" </subfield>
  </datafield>
  <datafield tag="650" ind1="1" ind2="7">
    <subfield code="a">Other Fields of Physics</subfield>
    <subfield code="2">arXiv</subfield>
  </datafield>
  <datafield tag="695" ind1=" " ind2=" ">
    <subfield code="a">physics.flu-dyn</subfield>
    <subfield code="9">LANL EDS</subfield>
  </datafield>
  <datafield tag="260" ind1=" " ind2=" ">
    <subfield code="c">2013</subfield>
  </datafield>
  <datafield tag="690" ind1="C" ind2=" ">
    <subfield code="a">ARTICLE</subfield>
  </datafield>
  <datafield tag="980" ind1=" " ind2=" ">
    <subfield code="a">Article</subfield>
  </datafield>
  <datafield tag="960" ind1=" " ind2=" ">
    <subfield code="a">13</subfield>
  </datafield>
</record>