
<record>
  <datafield tag="037" ind1=" " ind2=" ">
    <subfield code="a">EMI-SA2-MS22</subfield>
  </datafield>
  <datafield tag="041" ind1=" " ind2=" ">
    <subfield code="a">eng</subfield>
  </datafield>
  <datafield tag="245" ind1=" " ind2=" ">
    <subfield code="a">MSA2.1 - Software development tools and software repositories in place</subfield>
  </datafield>
  <datafield tag="650" ind1="1" ind2="7">
    <subfield code="a">4-SA2</subfield>
    <subfield code="2">EMI</subfield>
  </datafield>
  <datafield tag="650" ind1="1" ind2="7">
    <subfield code="a">Computing and Computers</subfield>
    <subfield code="2">SzGeCERN</subfield>
  </datafield>
  <datafield tag="650" ind1="2" ind2="7">
    <subfield code="a">SA2.4</subfield>
    <subfield code="2">EMI</subfield>
  </datafield>
  <datafield tag="653" ind1="1" ind2=" ">
    <subfield code="a">European Middleware Initiative</subfield>
    <subfield code="9">EMI</subfield>
  </datafield>
  <datafield tag="690" ind1="C" ind2=" ">
    <subfield code="a">EMI</subfield>
  </datafield>
  <datafield tag="690" ind1="C" ind2=" ">
    <subfield code="a">Milestones</subfield>
  </datafield>
  <datafield tag="690" ind1="C" ind2=" ">
    <subfield code="a">EMI-SA2-Milestones</subfield>
  </datafield>
  <datafield tag="859" ind1=" " ind2=" ">
    <subfield code="f">project-eu-emi-po@cern.ch</subfield>
  </datafield>
  <datafield tag="960" ind1=" " ind2=" ">
    <subfield code="a">11</subfield>
  </datafield>
  <datafield tag="980" ind1=" " ind2=" ">
    <subfield code="a">PREPRINT</subfield>
  </datafield>
  <datafield tag="260" ind1=" " ind2=" ">
    <subfield code="c">May 2010</subfield>
  </datafield>
  <datafield tag="269" ind1=" " ind2=" ">
    <subfield code="b">CERN</subfield>
    <subfield code="a">Geneva</subfield>
    <subfield code="c">May 2010 Jan May 2010</subfield>
  </datafield>
  <datafield tag="710" ind1=" " ind2=" ">
    <subfield code="5">AB</subfield>
  </datafield>
  <datafield tag="856" ind1="4" ind2=" ">
    <subfield code="u">http://cdsweb.cern.ch/record/1277588/files/EMI_MSA2.1_FINAL.pdf</subfield>
  </datafield>
</record>