
<record>
  <controlfield tag="005">20130418150011.0</controlfield>
  <datafield tag="037" ind1=" " ind2=" ">
    <subfield code="a">REPLY_IT-8888_TEST_SCNFI-101</subfield>
  </datafield>
  <datafield tag="245" ind1=" " ind2=" ">
    <subfield code="a">IT-8888/TEST</subfield>
  </datafield>
  <datafield tag="650" ind1="1" ind2="7">
    <subfield code="b">Supply</subfield>
  </datafield>
  <datafield tag="594" ind1=" " ind2=" ">
    <subfield code="a">alternative</subfield>
  </datafield>
  <datafield tag="110" ind1=" " ind2=" ">
    <subfield code="a">SECOND COMPANY NAME FOR IT</subfield>
    <subfield code="g">SCNFI</subfield>
  </datafield>
  <datafield tag="925" ind1=" " ind2=" ">
    <subfield code="a">2013-4-16</subfield>
    <subfield code="b">2013-04-17</subfield>
  </datafield>
  <datafield tag="980" ind1=" " ind2=" ">
    <subfield code="a">ASSESSMENT_BIDS</subfield>
  </datafield>
  <datafield tag="541" ind1=" " ind2=" ">
    <subfield code="h">0987456.98</subfield>
  </datafield>
  <datafield tag="541" ind1=" " ind2=" ">
    <subfield code="9">0987456.98</subfield>
  </datafield>
  <datafield tag="541" ind1=" " ind2=" ">
    <subfield code="d">YES</subfield>
  </datafield>
  <datafield tag="365" ind1=" " ind2=" ">
    <subfield code="c">EUR</subfield>
  </datafield>
  <datafield tag="365" ind1=" " ind2=" ">
    <subfield code="e">1.2149</subfield>
  </datafield>
  <datafield tag="044" ind1=" " ind2=" ">
    <subfield code="a">CH</subfield>
    <subfield code="b">100</subfield>
  </datafield>
  <datafield tag="500" ind1=" " ind2=" ">
    <subfield code="a">Alternative proposal</subfield>
  </datafield>
  <datafield tag="506" ind1=" " ind2=" ">
    <subfield code="m">IT-8888-TEST-Purchase [CERN]</subfield>
  </datafield>
  <datafield tag="506" ind1=" " ind2=" ">
    <subfield code="m">IT-8888-TEST-Evaluation-Panel [CERN]</subfield>
  </datafield>
  <datafield tag="859" ind1=" " ind2=" ">
    <subfield code="f">firmdemofp2@gmail.com</subfield>
  </datafield>
  <datafield tag="856" ind1="4" ind2=" ">
    <subfield code="u">https://cds.cern.ch/record/1494683/files/</subfield>
    <subfield code="z">Access to files</subfield>
  </datafield>
</record>