
<record>
  <controlfield tag="005">20070903161802.0</controlfield>
  <datafield tag="041" ind1=" " ind2=" ">
    <subfield code="a">eng</subfield>
  </datafield>
  <datafield tag="245" ind1=" " ind2=" ">
    <subfield code="a">Information Technology, IT</subfield>
    <subfield code="b">Mercury record</subfield>
  </datafield>
  <datafield tag="300" ind1=" " ind2=" ">
    <subfield code="a">0.5 cm</subfield>
  </datafield>
  <datafield tag="340" ind1=" " ind2=" ">
    <subfield code="a">Paper</subfield>
  </datafield>
  <datafield tag="490" ind1=" " ind2=" ">
    <subfield code="a">CERN-ARCH-IT</subfield>
    <subfield code="v">Collection: Information Technology, IT </subfield>
  </datafield>
  <datafield tag="490" ind1=" " ind2=" ">
    <subfield code="a">CERN-ARCH-IT-14</subfield>
    <subfield code="v">Sub-collection: CERN's Ferranti Mercury computer</subfield>
  </datafield>
  <datafield tag="506" ind1=" " ind2=" ">
    <subfield code="a">Free</subfield>
  </datafield>
  <datafield tag="520" ind1=" " ind2=" ">
    <subfield code="a">Notes (logbook) about CERN's Ferranti Mercury computer</subfield>
  </datafield>
  <datafield tag="541" ind1=" " ind2=" ">
    <subfield code="d">2007-07-01/subfield>
    <subfield code="f">Kölbig, Siegfried</subfield>
  </datafield>
  <datafield tag="595" ind1=" " ind2=" ">
    <subfield code="a">1.23.01</subfield>
  </datafield>
  <datafield tag="710" ind1=" " ind2=" ">
    <subfield code="a">CERN. Geneva. Information Technology Division (IT)</subfield>
  </datafield>
  <datafield tag="720" ind1=" " ind2=" ">
    <subfield code="a">Erskine, GA</subfield>
  </datafield>
  <datafield tag="852" ind1=" " ind2=" ">
    <subfield code="a">CERN Archives. Bldg. 61-S-001</subfield>
    <subfield code="c">B1259</subfield>
  </datafield>
  <datafield tag="916" ind1=" " ind2=" ">
    <subfield code="w">200736</subfield>
  </datafield>
  <datafield tag="925" ind1=" " ind2=" ">
    <subfield code="a">1959-08-24</subfield>
    <subfield code="b">1961-01-18</subfield>
  </datafield>
  <datafield tag="927" ind1=" " ind2=" ">
    <subfield code="a">CERN-ARCH-IT-14-002</subfield>
  </datafield>
  <datafield tag="960" ind1=" " ind2=" ">
    <subfield code="a">01</subfield>
  </datafield>
  <datafield tag="961" ind1=" " ind2=" ">
    <subfield code="c">20090526</subfield>
    <subfield code="h">1642</subfield>
    <subfield code="l">ARC01</subfield>
    <subfield code="x">20070903</subfield>
  </datafield>
  <datafield tag="970" ind1=" " ind2=" ">
    <subfield code="a">000055778ARC</subfield>
  </datafield>
  <datafield tag="980" ind1=" " ind2=" ">
    <subfield code="a">ARC012301</subfield>
  </datafield>
  <datafield tag="856" ind1="4" ind2=" ">
    <subfield code="u">http://library.web.cern.ch/library/Archives/isad/isait.html</subfield>
    <subfield code="y">Higher level description</subfield>
  </datafield>
</record>