
<record>
  <controlfield tag="005">20070903163718.0</controlfield>
  <datafield tag="041" ind1=" " ind2=" ">
    <subfield code="a">ger</subfield>
 </datafield>
  <datafield tag="245" ind1=" " ind2=" ">
    <subfield code="a">Miscellaneous</subfield>
    <subfield code="b">CERN Baubeschrieb und Baubudget</subfield>
 </datafield>
  <datafield tag="300" ind1=" " ind2=" ">
    <subfield code="a">3 cm</subfield>
 </datafield>
  <datafield tag="340" ind1=" " ind2=" ">
    <subfield code="a">Paper</subfield>
 </datafield>
  <datafield tag="340" ind1=" " ind2=" ">
    <subfield code="a">Fabric</subfield>
 </datafield>
  <datafield tag="506" ind1=" " ind2=" ">
    <subfield code="a">Free</subfield>
 </datafield>
  <datafield tag="520" ind1=" " ind2=" ">
    <subfield code="a">Breakdown and details of CERN building costs, with drawings, photographs of the maquette, and a souvenir CERN handkerchief</subfield>
 </datafield>
  <datafield tag="541" ind1=" " ind2=" ">
    <subfield code="a">Navarria, J</subfield>
    <subfield code="d">2007-07-01</subfield>
 </datafield>
  <datafield tag="595" ind1=" " ind2=" ">
    <subfield code="a">1.50.00</subfield>
 </datafield>
  <datafield tag="700" ind1=" " ind2=" ">
    <subfield code="a">Steiger, R</subfield>
 </datafield>
  <datafield tag="720" ind1=" " ind2=" ">
    <subfield code="a">Steiger, R, Architekt BSA SIA Zurich</subfield>
 </datafield>
  <datafield tag="852" ind1=" " ind2=" ">
    <subfield code="a">CERN Archives. Bldg. 61-S-001</subfield>
    <subfield code="c">B1259</subfield>
 </datafield>
  <datafield tag="916" ind1=" " ind2=" ">
    <subfield code="w">200736</subfield>
 </datafield>
  <datafield tag="925" ind1=" " ind2=" ">
    <subfield code="a">1956-09-01</subfield>
 </datafield>
  <datafield tag="927" ind1=" " ind2=" ">
    <subfield code="a">CERN-ARCH-MISC-02-002</subfield>
 </datafield>
  <datafield tag="960" ind1=" " ind2=" ">
    <subfield code="a">01</subfield>
 </datafield>
  <datafield tag="961" ind1=" " ind2=" ">
    <subfield code="c">20070903</subfield>
    <subfield code="h">1637</subfield>
    <subfield code="l">ARC01</subfield>
    <subfield code="x">20070903</subfield>
 </datafield>
  <datafield tag="970" ind1=" " ind2=" ">
    <subfield code="a">000055779ARC</subfield>
 </datafield>
  <datafield tag="980" ind1=" " ind2=" ">
    <subfield code="a">ARC015000</subfield>
 </datafield>
</record>