
<record>
  <controlfield tag="003">SzGeCERN</controlfield>
  <datafield tag="693" ind1=" " ind2=" ">
    <subfield code="a">CERN SPS</subfield>
    <subfield code="e">NA50</subfield>
  </datafield>
  <datafield tag="690" ind1="C" ind2=" ">
    <subfield code="a">ARTICLE</subfield>
  </datafield>
  <datafield tag="690" ind1="C" ind2=" ">
    <subfield code="a">CERN</subfield>
  </datafield>
  <datafield tag="960" ind1=" " ind2=" ">
    <subfield code="a">13</subfield>
  </datafield>
  <datafield tag="962" ind1=" " ind2=" ">
    <subfield code="b">339614</subfield>
    <subfield code="k">539-544</subfield>
    <subfield code="n">lesarcs980321</subfield>
  </datafield>
  <datafield tag="980" ind1=" " ind2=" ">
    <subfield code="a">ARTICLE</subfield>
  </datafield>
  <datafield tag="700" ind1=" " ind2=" ">
    <subfield code="a">Abreu, M C</subfield>
    <subfield code="u">Lisbon U.</subfield>
    <subfield code="u">Lisbon, LIFEP</subfield>
  </datafield>
  <datafield tag="700" ind1=" " ind2=" ">
    <subfield code="a">Alessandro, B</subfield>
    <subfield code="u">Turin U.</subfield>
    <subfield code="u">INFN, Turin</subfield>
  </datafield>
  <datafield tag="700" ind1=" " ind2=" ">
    <subfield code="a">Alexa, C</subfield>
    <subfield code="u">Bucharest, IFIN-HH</subfield>
  </datafield>
  <datafield tag="700" ind1=" " ind2=" ">
    <subfield code="a">Arnaldi, R</subfield>
    <subfield code="u">Turin U.</subfield>
    <subfield code="u">INFN, Turin</subfield>
  </datafield>
  <datafield tag="700" ind1=" " ind2=" ">
    <subfield code="a">Astruc, J</subfield>
    <subfield code="u">Orsay, IPN</subfield>
  </datafield>
  <datafield tag="700" ind1=" " ind2=" ">
    <subfield code="a">Atayan, M</subfield>
    <subfield code="u">Yerevan Phys. Inst</subfield>
  </datafield>
  <datafield tag="700" ind1=" " ind2=" ">
    <subfield code="a">Baglin, C</subfield>
    <subfield code="u">Annecy, LAPP</subfield>
  </datafield>
  <datafield tag="700" ind1=" " ind2=" ">
    <subfield code="a">Baldit, A</subfield>
    <subfield code="u">Clermont-Ferrand U.</subfield>
  </datafield>
  <datafield tag="700" ind1=" " ind2=" ">
    <subfield code="a">Bedjidian, M</subfield>
    <subfield code="u">Lyon, IPN</subfield>
  </datafield>
  <datafield tag="700" ind1=" " ind2=" ">
    <subfield code="a">Bellaiche, F</subfield>
    <subfield code="u">Lyon, IPN</subfield>
  </datafield>
  <datafield tag="700" ind1=" " ind2=" ">
    <subfield code="a">Beole, S</subfield>
    <subfield code="u">Turin U.</subfield>
    <subfield code="u">INFN, Turin</subfield>
  </datafield>
  <datafield tag="700" ind1=" " ind2=" ">
    <subfield code="a">Boldea, V</subfield>
    <subfield code="u">Bucharest, IFIN-HH</subfield>
  </datafield>
  <datafield tag="700" ind1=" " ind2=" ">
    <subfield code="a">Bordalo, P</subfield>
    <subfield code="u">Lisbon, LIFEP</subfield>
    <subfield code="u">Lisbon, Tech. U.</subfield>
  </datafield>
  <datafield tag="700" ind1=" " ind2=" ">
    <subfield code="a">Bussiere, A</subfield>
    <subfield code="u">Annecy, LAPP</subfield>
  </datafield>
  <datafield tag="700" ind1=" " ind2=" ">
    <subfield code="a">Capony, V</subfield>
    <subfield code="u">Annecy, LAPP</subfield>
  </datafield>
  <datafield tag="700" ind1=" " ind2=" ">
    <subfield code="a">Casagrande, L</subfield>
    <subfield code="u">Lisbon, LIFEP</subfield>
  </datafield>
  <datafield tag="700" ind1=" " ind2=" ">
    <subfield code="a">Castor, J</subfield>
    <subfield code="u">Clermont-Ferrand U.</subfield>
  </datafield>
  <datafield tag="700" ind1=" " ind2=" ">
    <subfield code="a">Chambon, T</subfield>
    <subfield code="u">Clermont-Ferrand U.</subfield>
  </datafield>
  <datafield tag="700" ind1=" " ind2=" ">
    <subfield code="a">Chaurand, B</subfield>
    <subfield code="u">Ecole Polytechnique</subfield>
  </datafield>
  <datafield tag="700" ind1=" " ind2=" ">
    <subfield code="a">Chevrot, I</subfield>
    <subfield code="u">Clermont-Ferrand U.</subfield>
  </datafield>
  <datafield tag="700" ind1=" " ind2=" ">
    <subfield code="a">Cheynis, B</subfield>
    <subfield code="u">Lyon, IPN</subfield>
  </datafield>
  <datafield tag="700" ind1=" " ind2=" ">
    <subfield code="a">Chiavassa, E</subfield>
    <subfield code="u">Turin U.</subfield>
    <subfield code="u">INFN, Turin</subfield>
  </datafield>
  <datafield tag="700" ind1=" " ind2=" ">
    <subfield code="a">Cicalo, C</subfield>
    <subfield code="u">Cagliari U.</subfield>
    <subfield code="u">INFN, Cagliari</subfield>
  </datafield>
  <datafield tag="700" ind1=" " ind2=" ">
    <subfield code="a">Comets, M.P</subfield>
    <subfield code="u">Orsay, IPN</subfield>
  </datafield>
  <datafield tag="700" ind1=" " ind2=" ">
    <subfield code="a">Constantinescu, S</subfield>
    <subfield code="u">Bucharest, IFIN-HH</subfield>
  </datafield>
  <datafield tag="700" ind1=" " ind2=" ">
    <subfield code="a">Cruz, J</subfield>
    <subfield code="u">Lisbon, LIFEP</subfield>
  </datafield>
  <datafield tag="700" ind1=" " ind2=" ">
    <subfield code="a">De Falco, A</subfield>
    <subfield code="u">Cagliari U.</subfield>
    <subfield code="u">INFN, Cagliari</subfield>
  </datafield>
  <datafield tag="700" ind1=" " ind2=" ">
    <subfield code="a">De Marco, N</subfield>
    <subfield code="u">Turin U.</subfield>
    <subfield code="u">INFN, Turin</subfield>
  </datafield>
  <datafield tag="700" ind1=" " ind2=" ">
    <subfield code="a">Dellacasa, G</subfield>
    <subfield code="u">Turin U.</subfield>
    <subfield code="u">INFN, Turin</subfield>
  </datafield>
  <datafield tag="700" ind1=" " ind2=" ">
    <subfield code="a">Devaux, A</subfield>
    <subfield code="u">Clermont-Ferrand U.</subfield>
  </datafield>
  <datafield tag="700" ind1=" " ind2=" ">
    <subfield code="a">Dita, S</subfield>
    <subfield code="u">Bucharest, IFIN-HH</subfield>
  </datafield>
  <datafield tag="700" ind1=" " ind2=" ">
    <subfield code="a">Drapier, O</subfield>
    <subfield code="u">Lyon, IPN</subfield>
  </datafield>
  <datafield tag="700" ind1=" " ind2=" ">
    <subfield code="a">Espagnon, B</subfield>
    <subfield code="u">Clermont-Ferrand U.</subfield>
  </datafield>
  <datafield tag="700" ind1=" " ind2=" ">
    <subfield code="a">Fargeix, J</subfield>
    <subfield code="u">Clermont-Ferrand U.</subfield>
  </datafield>
  <datafield tag="700" ind1=" " ind2=" ">
    <subfield code="a">Filippov, S N</subfield>
    <subfield code="u">Moscow, INR</subfield>
  </datafield>
  <datafield tag="700" ind1=" " ind2=" ">
    <subfield code="a">Fleuret, F</subfield>
    <subfield code="u">Ecole Polytechnique</subfield>
  </datafield>
  <datafield tag="700" ind1=" " ind2=" ">
    <subfield code="a">Force, P</subfield>
    <subfield code="u">Clermont-Ferrand U.</subfield>
  </datafield>
  <datafield tag="700" ind1=" " ind2=" ">
    <subfield code="a">Gallio, M</subfield>
    <subfield code="u">Turin U.</subfield>
    <subfield code="u">INFN, Turin</subfield>
  </datafield>
  <datafield tag="700" ind1=" " ind2=" ">
    <subfield code="a">Gavrilov, Yu K</subfield>
    <subfield code="u">Moscow, INR</subfield>
  </datafield>
  <datafield tag="700" ind1=" " ind2=" ">
    <subfield code="a">Gerschel, C</subfield>
    <subfield code="u">Orsay, IPN</subfield>
  </datafield>
  <datafield tag="700" ind1=" " ind2=" ">
    <subfield code="a">Giubellino, P</subfield>
    <subfield code="u">Turin U.</subfield>
    <subfield code="u">INFN, Turin</subfield>
  </datafield>
  <datafield tag="700" ind1=" " ind2=" ">
    <subfield code="a">Golubeva, M B</subfield>
    <subfield code="u">Moscow, INR</subfield>
  </datafield>
  <datafield tag="700" ind1=" " ind2=" ">
    <subfield code="a">Gonin, M</subfield>
    <subfield code="u">Ecole Polytechnique</subfield>
  </datafield>
  <datafield tag="700" ind1=" " ind2=" ">
    <subfield code="a">Grigorian, A A</subfield>
    <subfield code="u">Yerevan Phys. Inst</subfield>
  </datafield>
  <datafield tag="700" ind1=" " ind2=" ">
    <subfield code="a">Grossiord, J Y</subfield>
    <subfield code="u">Lyon, IPN</subfield>
  </datafield>
  <datafield tag="700" ind1=" " ind2=" ">
    <subfield code="a">Guber, F.F</subfield>
    <subfield code="u">Moscow, INR</subfield>
  </datafield>
  <datafield tag="700" ind1=" " ind2=" ">
    <subfield code="a">Guichard, A</subfield>
    <subfield code="u">Lyon, IPN</subfield>
  </datafield>
  <datafield tag="700" ind1=" " ind2=" ">
    <subfield code="a">Gulkanian, H</subfield>
    <subfield code="u">Yerevan Phys. Inst</subfield>
  </datafield>
  <datafield tag="700" ind1=" " ind2=" ">
    <subfield code="a">Hakobyan, R</subfield>
    <subfield code="u">Yerevan Phys. Inst</subfield>
  </datafield>
  <datafield tag="700" ind1=" " ind2=" ">
    <subfield code="a">Haroutunian, R</subfield>
    <subfield code="u">Lyon, IPN</subfield>
  </datafield>
  <datafield tag="700" ind1=" " ind2=" ">
    <subfield code="a">Idzik, M</subfield>
    <subfield code="u">Turin U.</subfield>
    <subfield code="u">INFN, Turin</subfield>
  </datafield>
  <datafield tag="700" ind1=" " ind2=" ">
    <subfield code="a">Jouan, D</subfield>
    <subfield code="u">Orsay, IPN</subfield>
  </datafield>
  <datafield tag="700" ind1=" " ind2=" ">
    <subfield code="a">Karavicheva, T L</subfield>
    <subfield code="u">Moscow, INR</subfield>
  </datafield>
  <datafield tag="700" ind1=" " ind2=" ">
    <subfield code="a">Kluberg, L</subfield>
    <subfield code="u">Ecole Polytechnique</subfield>
  </datafield>
  <datafield tag="700" ind1=" " ind2=" ">
    <subfield code="a">Kurepin, A B</subfield>
    <subfield code="u">Moscow, INR</subfield>
  </datafield>
  <datafield tag="700" ind1=" " ind2=" ">
    <subfield code="a">Le Bornec, Y</subfield>
    <subfield code="u">Orsay, IPN</subfield>
  </datafield>
  <datafield tag="700" ind1=" " ind2=" ">
    <subfield code="a">Lourenco, C</subfield>
    <subfield code="u">CERN</subfield>
  </datafield>
  <datafield tag="700" ind1=" " ind2=" ">
    <subfield code="a">Mac Cormick, M</subfield>
    <subfield code="u">Orsay, IPN</subfield>
  </datafield>
  <datafield tag="700" ind1=" " ind2=" ">
    <subfield code="a">Macciotta, P</subfield>
    <subfield code="u">Cagliari U.</subfield>
    <subfield code="u">INFN, Cagliari</subfield>
  </datafield>
  <datafield tag="700" ind1=" " ind2=" ">
    <subfield code="a">Marzari-Chiesa, A</subfield>
    <subfield code="u">Turin U.</subfield>
    <subfield code="u">INFN, Turin</subfield>
  </datafield>
  <datafield tag="700" ind1=" " ind2=" ">
    <subfield code="a">Masera, M</subfield>
    <subfield code="u">Turin U.</subfield>
    <subfield code="u">INFN, Turin</subfield>
  </datafield>
  <datafield tag="700" ind1=" " ind2=" ">
    <subfield code="a">Masoni, A</subfield>
    <subfield code="u">Cagliari U.</subfield>
    <subfield code="u">INFN, Cagliari</subfield>
  </datafield>
  <datafield tag="700" ind1=" " ind2=" ">
    <subfield code="a">Mehrabian, S</subfield>
    <subfield code="u">Yerevan Phys. Inst</subfield>
  </datafield>
  <datafield tag="700" ind1=" " ind2=" ">
    <subfield code="a">Mourgues, S</subfield>
    <subfield code="u">Clermont-Ferrand U.</subfield>
  </datafield>
  <datafield tag="700" ind1=" " ind2=" ">
    <subfield code="a">Musso, A</subfield>
    <subfield code="u">Turin U.</subfield>
    <subfield code="u">INFN, Turin</subfield>
  </datafield>
  <datafield tag="700" ind1=" " ind2=" ">
    <subfield code="a">Ohlsson-Malek, F</subfield>
    <subfield code="u">Lyon, IPN</subfield>
  </datafield>
  <datafield tag="700" ind1=" " ind2=" ">
    <subfield code="a">Petiau, P</subfield>
    <subfield code="u">Ecole Polytechnique</subfield>
  </datafield>
  <datafield tag="700" ind1=" " ind2=" ">
    <subfield code="a">Piccotti, A</subfield>
    <subfield code="u">Turin U.</subfield>
    <subfield code="u">INFN, Turin</subfield>
  </datafield>
  <datafield tag="700" ind1=" " ind2=" ">
    <subfield code="a">Pizzi, J R</subfield>
    <subfield code="u">Lyon, IPN</subfield>
  </datafield>
  <datafield tag="700" ind1=" " ind2=" ">
    <subfield code="a">Prado da Silva, W L</subfield>
    <subfield code="u">Turin U.</subfield>
    <subfield code="u">INFN, Turin</subfield>
  </datafield>
  <datafield tag="700" ind1=" " ind2=" ">
    <subfield code="a">Puddu, G</subfield>
    <subfield code="u">Cagliari U.</subfield>
    <subfield code="u">INFN, Cagliari</subfield>
  </datafield>
  <datafield tag="700" ind1=" " ind2=" ">
    <subfield code="a">Quintans, C</subfield>
    <subfield code="u">Lisbon, LIFEP</subfield>
  </datafield>
  <datafield tag="700" ind1=" " ind2=" ">
    <subfield code="a">Racca, C</subfield>
    <subfield code="u">Louis Pasteur U., Strasbourg I</subfield>
  </datafield>
  <datafield tag="700" ind1=" " ind2=" ">
    <subfield code="a">Ramello, L</subfield>
    <subfield code="u">Turin U.</subfield>
    <subfield code="u">INFN, Turin</subfield>
  </datafield>
  <datafield tag="700" ind1=" " ind2=" ">
    <subfield code="a">Ramos, S</subfield>
    <subfield code="u">Lisbon, LIFEP</subfield>
    <subfield code="u">Lisbon, Tech. U.</subfield>
  </datafield>
  <datafield tag="700" ind1=" " ind2=" ">
    <subfield code="a">Rato-Mendes, P</subfield>
    <subfield code="u">Turin U.</subfield>
    <subfield code="u">INFN, Turin</subfield>
  </datafield>
  <datafield tag="700" ind1=" " ind2=" ">
    <subfield code="a">Riccati, L</subfield>
    <subfield code="u">Turin U.</subfield>
    <subfield code="u">INFN, Turin</subfield>
  </datafield>
  <datafield tag="700" ind1=" " ind2=" ">
    <subfield code="a">Sartori, S</subfield>
    <subfield code="u">Turin U.</subfield>
    <subfield code="u">INFN, Turin</subfield>
  </datafield>
  <datafield tag="700" ind1=" " ind2=" ">
    <subfield code="a">Saturnini, P</subfield>
    <subfield code="u">Clermont-Ferrand U.</subfield>
  </datafield>
  <datafield tag="700" ind1=" " ind2=" ">
    <subfield code="a">Scomparin, E</subfield>
    <subfield code="u">CERN</subfield>
  </datafield>
  <datafield tag="700" ind1=" " ind2=" ">
    <subfield code="a">Serci, S</subfield>
    <subfield code="u">Cagliari U.</subfield>
    <subfield code="u">INFN, Cagliari</subfield>
  </datafield>
  <datafield tag="700" ind1=" " ind2=" ">
    <subfield code="a">Shahoyan, R</subfield>
    <subfield code="u">Lisbon, LIFEP</subfield>
  </datafield>
  <datafield tag="700" ind1=" " ind2=" ">
    <subfield code="a">Silva, S</subfield>
    <subfield code="u">Lisbon, LIFEP</subfield>
  </datafield>
  <datafield tag="700" ind1=" " ind2=" ">
    <subfield code="a">Soave, C</subfield>
    <subfield code="u">Turin U.</subfield>
    <subfield code="u">INFN, Turin</subfield>
  </datafield>
  <datafield tag="700" ind1=" " ind2=" ">
    <subfield code="a">Sonderegger, P</subfield>
    <subfield code="u">CERN</subfield>
    <subfield code="u">Lisbon, Tech. U.</subfield>
  </datafield>
  <datafield tag="700" ind1=" " ind2=" ">
    <subfield code="a">Tarrago, X</subfield>
    <subfield code="u">Orsay, IPN</subfield>
  </datafield>
  <datafield tag="700" ind1=" " ind2=" ">
    <subfield code="a">Temnikov, P</subfield>
    <subfield code="u">Cagliari U.</subfield>
    <subfield code="u">INFN, Cagliari</subfield>
  </datafield>
  <datafield tag="700" ind1=" " ind2=" ">
    <subfield code="a">Topilskaya, N.S</subfield>
    <subfield code="u">Moscow, INR</subfield>
  </datafield>
  <datafield tag="700" ind1=" " ind2=" ">
    <subfield code="a">Usai, G L</subfield>
    <subfield code="u">Cagliari U.</subfield>
    <subfield code="u">INFN, Cagliari</subfield>
  </datafield>
  <datafield tag="700" ind1=" " ind2=" ">
    <subfield code="a">Vale, C</subfield>
    <subfield code="u">Lisbon, LIFEP</subfield>
  </datafield>
  <datafield tag="700" ind1=" " ind2=" ">
    <subfield code="a">Vercellin, E</subfield>
    <subfield code="u">Turin U.</subfield>
    <subfield code="u">INFN, Turin</subfield>
  </datafield>
  <datafield tag="700" ind1=" " ind2=" ">
    <subfield code="a">Willis, N</subfield>
    <subfield code="u">Orsay, IPN</subfield>
  </datafield>
  <datafield tag="710" ind1=" " ind2=" ">
    <subfield code="5">PPE</subfield>
  </datafield>
  <datafield tag="710" ind1=" " ind2=" ">
    <subfield code="g">NA50 Collaboration</subfield>
  </datafield>
  <datafield tag="245" ind1=" " ind2=" ">
    <subfield code="a">The search for the quark-gluon plasma study of production of charmed bounds states in Pb-Pb collisions at 158-GeV/nucleon</subfield>
  </datafield>
  <datafield tag="260" ind1=" " ind2=" ">
    <subfield code="c">1998</subfield>
  </datafield>
  <datafield tag="650" ind1="1" ind2="7">
    <subfield code="2">SzGeCERN</subfield>
    <subfield code="a">Particle Physics - Experiment</subfield>
  </datafield>
  <datafield tag="100" ind1=" " ind2=" ">
    <subfield code="a">Romana, Albert</subfield>
    <subfield code="u">Ecole Polytechnique</subfield>
  </datafield>
  <datafield tag="916" ind1=" " ind2=" ">
    <subfield code="s">h</subfield>
    <subfield code="w">201117</subfield>
  </datafield>
  <datafield tag="041" ind1=" " ind2=" ">
    <subfield code="a">eng</subfield>
  </datafield>
  <datafield tag="035" ind1=" " ind2=" ">
    <subfield code="9">Inspire</subfield>
    <subfield code="a">896032 </subfield>
  </datafield>
</record>