
<record>
  <controlfield tag="003">SzGeCERN</controlfield>
  <controlfield tag="005">20050204163759.0</controlfield>
  <datafield tag="595" ind1=" " ind2=" ">
    <subfield code="a">1.26.11</subfield>
  </datafield>
  <datafield tag="980" ind1=" " ind2=" ">
    <subfield code="a">ARC012611</subfield>
  </datafield>
  <datafield tag="490" ind1=" " ind2=" ">
    <subfield code="a">CERN-ARCH-JDL</subfield>
    <subfield code="v">Collection: John D. Lawson</subfield>
  </datafield>
  <datafield tag="691" ind1=" " ind2=" ">
    <subfield code="a">RAL = Rutherton Appleton Laboratory, Chilton, UK</subfield>
  </datafield>
  <!-- <datafield tag="691" ind1=" " ind2=" "> -->
  <!--   <subfield code="a">PS = Proton Synchrotron, CERN, Geneva</subfield> -->
  <!-- </datafield> -->
  <!-- <datafield tag="691" ind1=" " ind2=" "> -->
  <!--   <subfield code="a">Harwell = Harwell Laboratory, Didcot, UK</subfield> -->
  <!-- </datafield> -->
  <datafield tag="852" ind1=" " ind2=" ">
    <subfield code="a">CERN Archives. Bldg. 61-S-001</subfield>
    <subfield code="c">I1013</subfield>
  </datafield>
  <datafield tag="970" ind1=" " ind2=" ">
    <subfield code="a">000014424ARC</subfield>
  </datafield>
  <datafield tag="541" ind1=" " ind2=" ">
    <subfield code="a">JDL File</subfield>
    <subfield code="d">1997-04-22</subfield>
    <subfield code="f">Lawson, John David, RAL, UK</subfield>
  </datafield>
  <datafield tag="340" ind1=" " ind2=" ">
    <subfield code="a">Paper</subfield>
  </datafield>
  <datafield tag="340" ind1=" " ind2=" ">
    <subfield code="a">Photo-print</subfield>
  </datafield>
  <datafield tag="506" ind1=" " ind2=" ">
    <subfield code="a">Free</subfield>
  </datafield>
  <datafield tag="520" ind1=" " ind2=" ">
    <subfield code="a">Papers concerning the Birmingham synchrotron proposed in 1944 and completed in 1953. Papers concerning the 4 MeV betatron built in the USA 1942-1944 and converted by Goward and Barnes to make the worlds first synchrotron in 1946. Papers concerning electron synchrotrons built at Malvern, UK 1946-1950. Early work at Harwell on PS, 1952-1953. Talk by J B Adams, 1955, for Harwell meeting. CERN Courier article: Half a century of synchrotrons. Early British Synchrotrons, An Informal History: report by J D Lawson dated Feb. 1997 (RAL-TR-97-011) and background information. John Adams Memorial Lecture Series, November 1997: CERN Yellow report "CAS-CERN Accelerator School : 50 Years of Synchrotrons" CERN-97-04 (short version of RAL-TR-97-011), and CERN Courier article, September 1996. Notes on visit of Lawson to the CERN Archives 1996-11-06.</subfield>
  </datafield>
  <datafield tag="916" ind1=" " ind2=" ">
    <subfield code="w">200319</subfield>
  </datafield>
  <datafield tag="300" ind1=" " ind2=" ">
    <subfield code="a">4 cm</subfield>
  </datafield>
  <datafield tag="710" ind1=" " ind2=" ">
    <subfield code="a">CERN. Geneva. CERN History Project, CHIP</subfield>
  </datafield>
  <datafield tag="245" ind1=" " ind2=" ">
    <subfield code="a">Lawson John D.</subfield>
    <subfield code="b">Early history of British synchrotrons</subfield>
  </datafield>
  <datafield tag="041" ind1=" " ind2=" ">
    <subfield code="a">eng</subfield>
  </datafield>
  <datafield tag="960" ind1=" " ind2=" ">
    <subfield code="a">01</subfield>
  </datafield>
  <datafield tag="961" ind1=" " ind2=" ">
    <subfield code="c">20050326</subfield>
    <subfield code="h">0007</subfield>
    <subfield code="l">ARC01</subfield>
    <subfield code="x">19970429</subfield>
  </datafield>
  <datafield tag="963" ind1=" " ind2=" ">
    <subfield code="a">PUBLIC</subfield>
  </datafield>
  <datafield tag="929" ind1=" " ind2=" ">
    <subfield code="a">Permanent</subfield>
  </datafield>
  <datafield tag="720" ind1=" " ind2=" ">
    <subfield code="a">Lawson, John David, RAL, UK</subfield>
  </datafield>
  <datafield tag="925" ind1=" " ind2=" ">
    <subfield code="a">1942-12-12</subfield>
    <subfield code="b">1997-04-10</subfield>
  </datafield>
  <datafield tag="927" ind1=" " ind2=" ">
    <subfield code="a">CERN-ARCH-JDL-0001</subfield>
  </datafield>
</record>