
<record>
  <datafield tag="037" ind1=" " ind2=" ">
    <subfield code="a">ATLAS-LVN-TRG-2010-003</subfield>
  </datafield>
  <datafield tag="100" ind1=" " ind2=" ">
    <subfield code="a">Trigger Coordination</subfield>
  </datafield>
  <datafield tag="245" ind1=" " ind2=" ">
    <subfield code="a">Trigger Workshop in Amsterdam: 18-22 October 2010 - Agenda is out and there is still time to register!</subfield>
  </datafield>
  <datafield tag="269" ind1=" " ind2=" ">
    <subfield code="c">2010-09-16</subfield>
  </datafield>
  <datafield tag="520" ind1=" " ind2=" ">
    <subfield code="b">&lt;!--HTML-->The agenda of the trigger workshop to be held in Amsterdam from the 18th to the 22nd of October is now available at  http://indico.cern.ch/conferenceDisplay.py?confId=99937 This is also where you can register for the workshop still!</subfield>
  </datafield>
  <datafield tag="650" ind1="1" ind2="7">
    <subfield code="2">SzGeCERN</subfield>
    <subfield code="a">ATLAS Live News</subfield>
  </datafield>
  <datafield tag="925" ind1=" " ind2=" ">
    <subfield code="a">2010-09-16</subfield>
    <subfield code="b">2010-10-01</subfield>
  </datafield>
  <datafield tag="980" ind1=" " ind2=" ">
    <subfield code="a">ATLVNTRG</subfield>
  </datafield>
</record>