
<record>
  <controlfield tag="003">SzGeCERN</controlfield>
  <datafield tag="961" ind1=" " ind2=" ">
    <subfield code="c">20110323</subfield>
    <subfield code="h">0954</subfield>
    <subfield code="l">CER01</subfield>
    <subfield code="x">20110323</subfield>
  </datafield>
  <datafield tag="970" ind1=" " ind2=" ">
    <subfield code="a">002956145CER</subfield>
  </datafield>
  <datafield tag="980" ind1=" " ind2=" ">
    <subfield code="a">UNKNOWN</subfield>
  </datafield>
  <datafield tag="245" ind1=" " ind2=" ">
    <subfield code="a">Physics of Active Galactic Nuclei at all Scales</subfield>
  </datafield>
  <datafield tag="260" ind1=" " ind2=" ">
    <subfield code="a">Berlin, Heidelberg</subfield>
    <subfield code="b">Springer</subfield>
    <subfield code="c">2006</subfield>
  </datafield>
  <datafield tag="340" ind1=" " ind2=" ">
    <subfield code="a">ebook</subfield>
  </datafield>
  <datafield tag="020" ind1=" " ind2=" ">
    <subfield code="a">9783540312079</subfield>
    <subfield code="u">print version</subfield>
  </datafield>
  <datafield tag="020" ind1=" " ind2=" ">
    <subfield code="a">9783540346210</subfield>
    <subfield code="u">electronic version</subfield>
  </datafield>
  <datafield tag="100" ind1=" " ind2=" ">
    <subfield code="a">Alloin, Danielle</subfield>
  </datafield>
  <datafield tag="490" ind1=" " ind2=" ">
    <subfield code="a">Lecture Notes in Physics</subfield>
    <subfield code="v">693</subfield>
  </datafield>
  <datafield tag="653" ind1="1" ind2=" ">
    <subfield code="9">SPR</subfield>
    <subfield code="a">Astronomy</subfield>
  </datafield>
</record>