
<record>
  <controlfield tag="003">SzGeCERN</controlfield>
  <datafield tag="037" ind1=" " ind2=" ">
    <subfield code="a">ATL-PHO-MISC-2008-001</subfield>
  </datafield>
  <datafield tag="100" ind1=" " ind2=" ">
    <subfield code="a">Thompson, E N</subfield>
  </datafield>
  <datafield tag="245" ind1=" " ind2=" ">
    <subfield code="a">Muon Spectrometer Small Wheel C just before entering the building above the pit...its moment in the sun.</subfield>
  </datafield>
  <datafield tag="260" ind1=" " ind2=" ">
    <subfield code="c">2008</subfield>
  </datafield>
  <datafield tag="269" ind1=" " ind2=" ">
    <subfield code="c">08 Feb 2008</subfield>
  </datafield>
  <datafield tag="500" ind1=" " ind2=" ">
    <subfield code="a">ATLAS Collection.</subfield>
  </datafield>
  <datafield tag="500" ind1=" " ind2=" ">
    <subfield code="a">ATLAS Photo Competition.</subfield>
  </datafield>
  <datafield tag="542" ind1=" " ind2=" ">
    <subfield code="d">CERN</subfield>
    <subfield code="f">ATLAS Experiment © 2008 CERN</subfield>
    <subfield code="g">2008</subfield>
  </datafield>
  <datafield tag="595" ind1=" " ind2=" ">
    <subfield code="a">CERN EDS</subfield>
  </datafield>
  <datafield tag="598" ind1=" " ind2=" ">
    <subfield code="a">CERN Geneva</subfield>
  </datafield>
  <datafield tag="653" ind1="1" ind2=" ">
    <subfield code="9">CERN</subfield>
    <subfield code="a">ATLAS, Small Wheel, Muon Spectrometer</subfield>
  </datafield>
  <datafield tag="693" ind1=" " ind2=" ">
    <subfield code="a">CERN LHC</subfield>
    <subfield code="e">ATLAS</subfield>
  </datafield>
  <datafield tag="859" ind1=" " ind2=" ">
    <subfield code="f">emily.thompson@cern.ch</subfield>
  </datafield>
  <datafield tag="916" ind1=" " ind2=" ">
    <subfield code="s">n</subfield>
    <subfield code="w">200825</subfield>
  </datafield>
  <datafield tag="923" ind1=" " ind2=" ">
    <subfield code="p">Point 1</subfield>
  </datafield>
  <datafield tag="960" ind1=" " ind2=" ">
    <subfield code="a">82</subfield>
  </datafield>
  <datafield tag="961" ind1=" " ind2=" ">
    <subfield code="c">20080616</subfield>
    <subfield code="h">1225</subfield>
    <subfield code="l">MMD01</subfield>
    <subfield code="x">20080616</subfield>
  </datafield>
  <datafield tag="963" ind1=" " ind2=" ">
    <subfield code="a">PUBLIC</subfield>
  </datafield>
  <datafield tag="970" ind1=" " ind2=" ">
    <subfield code="a">000044832MMD</subfield>
  </datafield>
  <datafield tag="980" ind1=" " ind2=" ">
    <subfield code="a">PHOTOATLAS</subfield>
  </datafield>
  <datafield tag="856" ind1="4" ind2=" ">
    <subfield code="q">http://documents.cern.ch/photo/photo-atlas/misc/icon-misc-2008-001.gif</subfield>
    <subfield code="x">icon</subfield>
  </datafield>
  <datafield tag="856" ind1="4" ind2=" ">
    <subfield code="q">http://documents.cern.ch/cgi-bin/setlink?base=PHO&amp;categ=photo-atlas&amp;id=misc-2008-001</subfield>
    <subfield code="x">1</subfield>
    <subfield code="y">Access to the pictures</subfield>
  </datafield>
  <datafield tag="856" ind1="4" ind2=" ">
    <subfield code="u">http://cdsweb.cern.ch/record/1109973/files/misc-2008-001.jpg</subfield>
    <subfield code="y">Access to the pictures</subfield>
  </datafield>
  <datafield tag="856" ind1="4" ind2=" ">
    <subfield code="u">http://cdsweb.cern.ch/record/1109973/files/misc-2008-001.gif?subformat=icon</subfield>
    <subfield code="x">icon</subfield>
  </datafield>
</record>