
<record>
  <controlfield tag="005">20121126114420.0</controlfield>
  <datafield tag="595" ind1=" " ind2=" ">
    <subfield code="a">LANL EDS</subfield>
  </datafield>
  <datafield tag="595" ind1=" " ind2=" ">
    <subfield code="a">OA</subfield>
  </datafield>
  <datafield tag="595" ind1=" " ind2=" ">
    <subfield code="a">CERN-PH-EP</subfield>
  </datafield>
  <datafield tag="981" ind1=" " ind2=" ">
    <subfield code="a">1475901</subfield>
  </datafield>
  <datafield tag="700" ind1=" " ind2=" ">
    <subfield code="a">Abellan Beteta, C</subfield>
    <subfield code="u">U. Barcelona (main)</subfield>
    <subfield code="u">Ramon Llull U., Barcelona</subfield>
  </datafield>
  <datafield tag="700" ind1=" " ind2=" ">
    <subfield code="a">Adametz, A</subfield>
    <subfield code="u">Heidelberg U.</subfield>
  </datafield>
  <datafield tag="700" ind1=" " ind2=" ">
    <subfield code="a">Adeva, B</subfield>
    <subfield code="u">U. Santiago de Compostela (main)</subfield>
  </datafield>
  <datafield tag="700" ind1=" " ind2=" ">
    <subfield code="a">Adinolfi, M</subfield>
    <subfield code="u">Bristol U.</subfield>
  </datafield>
  <datafield tag="700" ind1=" " ind2=" ">
    <subfield code="a">Adrover, C</subfield>
    <subfield code="u">Marseille, CPPM</subfield>
  </datafield>
  <datafield tag="700" ind1=" " ind2=" ">
    <subfield code="a">Affolder, A</subfield>
    <subfield code="u">Liverpool U.</subfield>
  </datafield>
  <datafield tag="700" ind1=" " ind2=" ">
    <subfield code="a">Ajaltouni, Z</subfield>
    <subfield code="u">Clermont-Ferrand U.</subfield>
  </datafield>
  <datafield tag="700" ind1=" " ind2=" ">
    <subfield code="a">Albrecht, J</subfield>
    <subfield code="u">CERN</subfield>
  </datafield>
  <datafield tag="700" ind1=" " ind2=" ">
    <subfield code="a">Alessio, F</subfield>
    <subfield code="u">CERN</subfield>
  </datafield>
  <datafield tag="700" ind1=" " ind2=" ">
    <subfield code="a">Alexander, M</subfield>
    <subfield code="u">Glasgow U.</subfield>
  </datafield>
  <datafield tag="700" ind1=" " ind2=" ">
    <subfield code="a">Ali, S</subfield>
    <subfield code="u">NIKHEF, Amsterdam</subfield>
  </datafield>
  <datafield tag="700" ind1=" " ind2=" ">
    <subfield code="a">Alkhazov, G</subfield>
    <subfield code="u">St. Petersburg, INP</subfield>
  </datafield>
  <datafield tag="700" ind1=" " ind2=" ">
    <subfield code="a">Alvarez Cartelle, P</subfield>
    <subfield code="u">U. Santiago de Compostela (main)</subfield>
  </datafield>
  <datafield tag="700" ind1=" " ind2=" ">
    <subfield code="a">Alves Jr, A A</subfield>
    <subfield code="u">INFN, Rome</subfield>
  </datafield>
  <datafield tag="700" ind1=" " ind2=" ">
    <subfield code="a">Amato, S</subfield>
    <subfield code="u">Rio de Janeiro Federal U.</subfield>
  </datafield>
  <datafield tag="700" ind1=" " ind2=" ">
    <subfield code="a">Amhis, Y</subfield>
    <subfield code="u">Ecole Polytechnique, Lausanne</subfield>
  </datafield>
  <datafield tag="700" ind1=" " ind2=" ">
    <subfield code="a">Anderlini, L</subfield>
    <subfield code="u">INFN, Florence</subfield>
    <subfield code="u">Florence U.</subfield>
  </datafield>
  <datafield tag="700" ind1=" " ind2=" ">
    <subfield code="a">Anderson, J</subfield>
    <subfield code="u">Zurich U.</subfield>
  </datafield>
  <datafield tag="700" ind1=" " ind2=" ">
    <subfield code="a">Appleby, R B</subfield>
    <subfield code="u">Manchester U.</subfield>
  </datafield>
  <datafield tag="700" ind1=" " ind2=" ">
    <subfield code="a">Aquines Gutierrez, O</subfield>
    <subfield code="u">Heidelberg, Max Planck Inst.</subfield>
  </datafield>
  <datafield tag="700" ind1=" " ind2=" ">
    <subfield code="a">Archilli, F</subfield>
    <subfield code="u">Frascati</subfield>
    <subfield code="u">CERN</subfield>
  </datafield>
  <datafield tag="700" ind1=" " ind2=" ">
    <subfield code="a">Artamonov, A</subfield>
    <subfield code="u">Serpukhov, IHEP</subfield>
  </datafield>
  <datafield tag="700" ind1=" " ind2=" ">
    <subfield code="a">Artuso, M</subfield>
    <subfield code="u">Syracuse U.</subfield>
  </datafield>
  <datafield tag="700" ind1=" " ind2=" ">
    <subfield code="a">Aslanides, E</subfield>
    <subfield code="u">Marseille, CPPM</subfield>
  </datafield>
  <datafield tag="700" ind1=" " ind2=" ">
    <subfield code="a">Auriemma, G</subfield>
    <subfield code="u">INFN, Rome</subfield>
    <subfield code="u">Basilicata U., Potenza</subfield>
  </datafield>
  <datafield tag="700" ind1=" " ind2=" ">
    <subfield code="a">Bachmann, S</subfield>
    <subfield code="u">Heidelberg U.</subfield>
  </datafield>
  <datafield tag="700" ind1=" " ind2=" ">
    <subfield code="a">Back, J J</subfield>
    <subfield code="u">Warwick U.</subfield>
  </datafield>
  <datafield tag="700" ind1=" " ind2=" ">
    <subfield code="a">Baesso, C</subfield>
    <subfield code="u">Rio de Janeiro, Pont. U. Catol.</subfield>
  </datafield>
  <datafield tag="700" ind1=" " ind2=" ">
    <subfield code="a">Balagura, V</subfield>
    <subfield code="u">Moscow, ITEP</subfield>
  </datafield>
  <datafield tag="700" ind1=" " ind2=" ">
    <subfield code="a">Baldini, W</subfield>
    <subfield code="u">INFN, Ferrara</subfield>
  </datafield>
  <datafield tag="700" ind1=" " ind2=" ">
    <subfield code="a">Barlow, R J</subfield>
    <subfield code="u">Manchester U.</subfield>
  </datafield>
  <datafield tag="700" ind1=" " ind2=" ">
    <subfield code="a">Barschel, C</subfield>
    <subfield code="u">CERN</subfield>
  </datafield>
  <datafield tag="700" ind1=" " ind2=" ">
    <subfield code="a">Barsuk, S</subfield>
    <subfield code="u">Orsay, LAL</subfield>
  </datafield>
  <datafield tag="700" ind1=" " ind2=" ">
    <subfield code="a">Barter, W</subfield>
    <subfield code="u">Cambridge U.</subfield>
  </datafield>
  <datafield tag="700" ind1=" " ind2=" ">
    <subfield code="a">Bates, A</subfield>
    <subfield code="u">Glasgow U.</subfield>
  </datafield>
  <datafield tag="700" ind1=" " ind2=" ">
    <subfield code="a">Bauer, C</subfield>
    <subfield code="u">Heidelberg, Max Planck Inst.</subfield>
  </datafield>
  <datafield tag="700" ind1=" " ind2=" ">
    <subfield code="a">Bauer, Th</subfield>
    <subfield code="u">NIKHEF, Amsterdam</subfield>
  </datafield>
  <datafield tag="700" ind1=" " ind2=" ">
    <subfield code="a">Bay, A</subfield>
    <subfield code="u">Ecole Polytechnique, Lausanne</subfield>
  </datafield>
  <datafield tag="700" ind1=" " ind2=" ">
    <subfield code="a">Beddow, J</subfield>
    <subfield code="u">Glasgow U.</subfield>
  </datafield>
  <datafield tag="700" ind1=" " ind2=" ">
    <subfield code="a">Bediaga, I</subfield>
    <subfield code="u">Rio de Janeiro, CBPF</subfield>
  </datafield>
  <datafield tag="700" ind1=" " ind2=" ">
    <subfield code="a">Belogurov, S</subfield>
    <subfield code="u">Moscow, ITEP</subfield>
  </datafield>
  <datafield tag="700" ind1=" " ind2=" ">
    <subfield code="a">Belous, K</subfield>
    <subfield code="u">Serpukhov, IHEP</subfield>
  </datafield>
  <datafield tag="700" ind1=" " ind2=" ">
    <subfield code="a">Belyaev, I</subfield>
    <subfield code="u">Moscow, ITEP</subfield>
  </datafield>
  <datafield tag="700" ind1=" " ind2=" ">
    <subfield code="a">Ben-Haim, E</subfield>
    <subfield code="u">Paris U., VI-VII</subfield>
  </datafield>
  <datafield tag="700" ind1=" " ind2=" ">
    <subfield code="a">Benayoun, M</subfield>
    <subfield code="u">Paris U., VI-VII</subfield>
  </datafield>
  <datafield tag="700" ind1=" " ind2=" ">
    <subfield code="a">Bencivenni, G</subfield>
    <subfield code="u">Frascati</subfield>
  </datafield>
  <datafield tag="700" ind1=" " ind2=" ">
    <subfield code="a">Benson, S</subfield>
    <subfield code="u">Edinburgh U.</subfield>
  </datafield>
  <datafield tag="700" ind1=" " ind2=" ">
    <subfield code="a">Benton, J</subfield>
    <subfield code="u">Bristol U.</subfield>
  </datafield>
  <datafield tag="700" ind1=" " ind2=" ">
    <subfield code="a">Berezhnoy, A</subfield>
    <subfield code="u">SINP, Moscow</subfield>
  </datafield>
  <datafield tag="700" ind1=" " ind2=" ">
    <subfield code="a">Bernet, R</subfield>
    <subfield code="u">Zurich U.</subfield>
  </datafield>
  <datafield tag="700" ind1=" " ind2=" ">
    <subfield code="a">Bettler, M-O</subfield>
    <subfield code="u">Cambridge U.</subfield>
  </datafield>
  <datafield tag="700" ind1=" " ind2=" ">
    <subfield code="a">van Beuzekom, M</subfield>
    <subfield code="u">NIKHEF, Amsterdam</subfield>
  </datafield>
  <datafield tag="700" ind1=" " ind2=" ">
    <subfield code="a">Bien, A</subfield>
    <subfield code="u">Heidelberg U.</subfield>
  </datafield>
  <datafield tag="700" ind1=" " ind2=" ">
    <subfield code="a">Bifani, S</subfield>
    <subfield code="u">University Coll., Dublin</subfield>
  </datafield>
  <datafield tag="700" ind1=" " ind2=" ">
    <subfield code="a">Bird, T</subfield>
    <subfield code="u">Manchester U.</subfield>
  </datafield>
  <datafield tag="700" ind1=" " ind2=" ">
    <subfield code="a">Bizzeti, A</subfield>
    <subfield code="u">INFN, Florence</subfield>
    <subfield code="u">U. Modena (main)</subfield>
  </datafield>
  <datafield tag="700" ind1=" " ind2=" ">
    <subfield code="a">Bjørnstad, P M</subfield>
    <subfield code="u">Manchester U.</subfield>
  </datafield>
  <datafield tag="700" ind1=" " ind2=" ">
    <subfield code="a">Blake, T</subfield>
    <subfield code="u">CERN</subfield>
  </datafield>
  <datafield tag="700" ind1=" " ind2=" ">
    <subfield code="a">Blanc, F</subfield>
    <subfield code="u">Ecole Polytechnique, Lausanne</subfield>
  </datafield>
  <datafield tag="700" ind1=" " ind2=" ">
    <subfield code="a">Blanks, C</subfield>
    <subfield code="u">Imperial Coll., London</subfield>
  </datafield>
  <datafield tag="700" ind1=" " ind2=" ">
    <subfield code="a">Blouw, J</subfield>
    <subfield code="u">Heidelberg U.</subfield>
  </datafield>
  <datafield tag="700" ind1=" " ind2=" ">
    <subfield code="a">Blusk, S</subfield>
    <subfield code="u">Syracuse U.</subfield>
  </datafield>
  <datafield tag="700" ind1=" " ind2=" ">
    <subfield code="a">Bobrov, A</subfield>
    <subfield code="u">Novosibirsk, IYF</subfield>
  </datafield>
  <datafield tag="700" ind1=" " ind2=" ">
    <subfield code="a">Bocci, V</subfield>
    <subfield code="u">INFN, Rome</subfield>
  </datafield>
  <datafield tag="700" ind1=" " ind2=" ">
    <subfield code="a">Bondar, A</subfield>
    <subfield code="u">Novosibirsk, IYF</subfield>
  </datafield>
  <datafield tag="700" ind1=" " ind2=" ">
    <subfield code="a">Bondar, N</subfield>
    <subfield code="u">St. Petersburg, INP</subfield>
  </datafield>
  <datafield tag="700" ind1=" " ind2=" ">
    <subfield code="a">Bonivento, W</subfield>
    <subfield code="u">INFN, Cagliari</subfield>
  </datafield>
  <datafield tag="700" ind1=" " ind2=" ">
    <subfield code="a">Borghi, S</subfield>
    <subfield code="u">Glasgow U.</subfield>
    <subfield code="u">Manchester U.</subfield>
  </datafield>
  <datafield tag="700" ind1=" " ind2=" ">
    <subfield code="a">Borgia, A</subfield>
    <subfield code="u">Syracuse U.</subfield>
  </datafield>
  <datafield tag="700" ind1=" " ind2=" ">
    <subfield code="a">Bowcock, T J V</subfield>
    <subfield code="u">Liverpool U.</subfield>
  </datafield>
  <datafield tag="700" ind1=" " ind2=" ">
    <subfield code="a">Bozzi, C</subfield>
    <subfield code="u">INFN, Ferrara</subfield>
  </datafield>
  <datafield tag="700" ind1=" " ind2=" ">
    <subfield code="a">Brambach, T</subfield>
    <subfield code="u">Tech. U., Dortmund (main)</subfield>
  </datafield>
  <datafield tag="700" ind1=" " ind2=" ">
    <subfield code="a">van den Brand, J</subfield>
    <subfield code="u">NIKHEF, Amsterdam</subfield>
    <subfield code="u">Vrije U., Amsterdam</subfield>
  </datafield>
  <datafield tag="700" ind1=" " ind2=" ">
    <subfield code="a">Bressieux, J</subfield>
    <subfield code="u">Ecole Polytechnique, Lausanne</subfield>
  </datafield>
  <datafield tag="700" ind1=" " ind2=" ">
    <subfield code="a">Brett, D</subfield>
    <subfield code="u">Manchester U.</subfield>
  </datafield>
  <datafield tag="700" ind1=" " ind2=" ">
    <subfield code="a">Britsch, M</subfield>
    <subfield code="u">Heidelberg, Max Planck Inst.</subfield>
  </datafield>
  <datafield tag="700" ind1=" " ind2=" ">
    <subfield code="a">Britton, T</subfield>
    <subfield code="u">Syracuse U.</subfield>
  </datafield>
  <datafield tag="700" ind1=" " ind2=" ">
    <subfield code="a">Brook, N H</subfield>
    <subfield code="u">Bristol U.</subfield>
  </datafield>
  <datafield tag="700" ind1=" " ind2=" ">
    <subfield code="a">Brown, H</subfield>
    <subfield code="u">Liverpool U.</subfield>
  </datafield>
  <datafield tag="700" ind1=" " ind2=" ">
    <subfield code="a">Büchler-Germann, A</subfield>
    <subfield code="u">Zurich U.</subfield>
  </datafield>
  <datafield tag="700" ind1=" " ind2=" ">
    <subfield code="a">Burducea, I</subfield>
    <subfield code="u">Bucharest, IFIN-HH</subfield>
  </datafield>
  <datafield tag="700" ind1=" " ind2=" ">
    <subfield code="a">Bursche, A</subfield>
    <subfield code="u">Zurich U.</subfield>
  </datafield>
  <datafield tag="700" ind1=" " ind2=" ">
    <subfield code="a">Buytaert, J</subfield>
    <subfield code="u">CERN</subfield>
  </datafield>
  <datafield tag="700" ind1=" " ind2=" ">
    <subfield code="a">Cadeddu, S</subfield>
    <subfield code="u">INFN, Cagliari</subfield>
  </datafield>
  <datafield tag="700" ind1=" " ind2=" ">
    <subfield code="a">Callot, O</subfield>
    <subfield code="u">Orsay, LAL</subfield>
  </datafield>
  <datafield tag="700" ind1=" " ind2=" ">
    <subfield code="a">Calvi, M</subfield>
    <subfield code="u">INFN, Milan Bicocca</subfield>
    <subfield code="u">Milan Bicocca U.</subfield>
  </datafield>
  <datafield tag="700" ind1=" " ind2=" ">
    <subfield code="a">Calvo Gomez, M</subfield>
    <subfield code="u">U. Barcelona (main)</subfield>
    <subfield code="u">Ramon Llull U., Barcelona</subfield>
  </datafield>
  <datafield tag="700" ind1=" " ind2=" ">
    <subfield code="a">Camboni, A</subfield>
    <subfield code="u">U. Barcelona (main)</subfield>
  </datafield>
  <datafield tag="700" ind1=" " ind2=" ">
    <subfield code="a">Campana, P</subfield>
    <subfield code="u">Frascati</subfield>
    <subfield code="u">CERN</subfield>
  </datafield>
  <datafield tag="700" ind1=" " ind2=" ">
    <subfield code="a">Carbone, A</subfield>
    <subfield code="u">INFN, Bologna</subfield>
    <subfield code="u">Bologna U.</subfield>
  </datafield>
  <datafield tag="700" ind1=" " ind2=" ">
    <subfield code="a">Carboni, G</subfield>
    <subfield code="u">INFN, Rome2</subfield>
    <subfield code="u">Rome U.,Tor Vergata</subfield>
  </datafield>
  <datafield tag="700" ind1=" " ind2=" ">
    <subfield code="a">Cardinale, R</subfield>
    <subfield code="u">INFN, Genoa</subfield>
    <subfield code="u">Genoa U.</subfield>
    <subfield code="u">CERN</subfield>
  </datafield>
  <datafield tag="700" ind1=" " ind2=" ">
    <subfield code="a">Cardini, A</subfield>
    <subfield code="u">INFN, Cagliari</subfield>
  </datafield>
  <datafield tag="700" ind1=" " ind2=" ">
    <subfield code="a">Carson, L</subfield>
    <subfield code="u">Imperial Coll., London</subfield>
  </datafield>
  <datafield tag="700" ind1=" " ind2=" ">
    <subfield code="a">Carvalho Akiba, K</subfield>
    <subfield code="u">Rio de Janeiro Federal U.</subfield>
  </datafield>
  <datafield tag="700" ind1=" " ind2=" ">
    <subfield code="a">Casse, G</subfield>
    <subfield code="u">Liverpool U.</subfield>
  </datafield>
  <datafield tag="700" ind1=" " ind2=" ">
    <subfield code="a">Cattaneo, M</subfield>
    <subfield code="u">CERN</subfield>
  </datafield>
  <datafield tag="700" ind1=" " ind2=" ">
    <subfield code="a">Cauet, Ch</subfield>
    <subfield code="u">Tech. U., Dortmund (main)</subfield>
  </datafield>
  <datafield tag="700" ind1=" " ind2=" ">
    <subfield code="a">Charles, M</subfield>
    <subfield code="u">Oxford U.</subfield>
  </datafield>
  <datafield tag="700" ind1=" " ind2=" ">
    <subfield code="a">Charpentier, Ph</subfield>
    <subfield code="u">CERN</subfield>
  </datafield>
  <datafield tag="700" ind1=" " ind2=" ">
    <subfield code="a">Chen, P</subfield>
    <subfield code="u">Peking U., CHEP</subfield>
    <subfield code="u">Ecole Polytechnique, Lausanne</subfield>
  </datafield>
  <datafield tag="700" ind1=" " ind2=" ">
    <subfield code="a">Chiapolini, N</subfield>
    <subfield code="u">Zurich U.</subfield>
  </datafield>
  <datafield tag="700" ind1=" " ind2=" ">
    <subfield code="a">Chrzaszcz, M</subfield>
    <subfield code="u">Cracow, INP</subfield>
  </datafield>
  <datafield tag="700" ind1=" " ind2=" ">
    <subfield code="a">Ciba, K</subfield>
    <subfield code="u">CERN</subfield>
  </datafield>
  <datafield tag="700" ind1=" " ind2=" ">
    <subfield code="a">Cid Vidal, X</subfield>
    <subfield code="u">U. Santiago de Compostela (main)</subfield>
  </datafield>
  <datafield tag="700" ind1=" " ind2=" ">
    <subfield code="a">Ciezarek, G</subfield>
    <subfield code="u">Imperial Coll., London</subfield>
  </datafield>
  <datafield tag="700" ind1=" " ind2=" ">
    <subfield code="a">Clarke, P E L</subfield>
    <subfield code="u">Edinburgh U.</subfield>
  </datafield>
  <datafield tag="700" ind1=" " ind2=" ">
    <subfield code="a">Clemencic, M</subfield>
    <subfield code="u">CERN</subfield>
  </datafield>
  <datafield tag="700" ind1=" " ind2=" ">
    <subfield code="a">Cliff, H V</subfield>
    <subfield code="u">Cambridge U.</subfield>
  </datafield>
  <datafield tag="700" ind1=" " ind2=" ">
    <subfield code="a">Closier, J</subfield>
    <subfield code="u">CERN</subfield>
  </datafield>
  <datafield tag="700" ind1=" " ind2=" ">
    <subfield code="a">Coca, C</subfield>
    <subfield code="u">Bucharest, IFIN-HH</subfield>
  </datafield>
  <datafield tag="700" ind1=" " ind2=" ">
    <subfield code="a">Coco, V</subfield>
    <subfield code="u">NIKHEF, Amsterdam</subfield>
  </datafield>
  <datafield tag="700" ind1=" " ind2=" ">
    <subfield code="a">Cogan, J</subfield>
    <subfield code="u">Marseille, CPPM</subfield>
  </datafield>
  <datafield tag="700" ind1=" " ind2=" ">
    <subfield code="a">Cogneras, E</subfield>
    <subfield code="u">Clermont-Ferrand U.</subfield>
  </datafield>
  <datafield tag="700" ind1=" " ind2=" ">
    <subfield code="a">Collins, P</subfield>
    <subfield code="u">CERN</subfield>
  </datafield>
  <datafield tag="700" ind1=" " ind2=" ">
    <subfield code="a">Comerma-Montells, A</subfield>
    <subfield code="u">U. Barcelona (main)</subfield>
  </datafield>
  <datafield tag="700" ind1=" " ind2=" ">
    <subfield code="a">Contu, A</subfield>
    <subfield code="u">Oxford U.</subfield>
  </datafield>
  <datafield tag="700" ind1=" " ind2=" ">
    <subfield code="a">Cook, A</subfield>
    <subfield code="u">Bristol U.</subfield>
  </datafield>
  <datafield tag="700" ind1=" " ind2=" ">
    <subfield code="a">Coombes, M</subfield>
    <subfield code="u">Bristol U.</subfield>
  </datafield>
  <datafield tag="700" ind1=" " ind2=" ">
    <subfield code="a">Corti, G</subfield>
    <subfield code="u">CERN</subfield>
  </datafield>
  <datafield tag="700" ind1=" " ind2=" ">
    <subfield code="a">Couturier, B</subfield>
    <subfield code="u">CERN</subfield>
  </datafield>
  <datafield tag="700" ind1=" " ind2=" ">
    <subfield code="a">Cowan, G A</subfield>
    <subfield code="u">Ecole Polytechnique, Lausanne</subfield>
  </datafield>
  <datafield tag="700" ind1=" " ind2=" ">
    <subfield code="a">Craik, D</subfield>
    <subfield code="u">Warwick U.</subfield>
  </datafield>
  <datafield tag="700" ind1=" " ind2=" ">
    <subfield code="a">Cunliffe, S</subfield>
    <subfield code="u">Imperial Coll., London</subfield>
  </datafield>
  <datafield tag="700" ind1=" " ind2=" ">
    <subfield code="a">Currie, R</subfield>
    <subfield code="u">Edinburgh U.</subfield>
  </datafield>
  <datafield tag="700" ind1=" " ind2=" ">
    <subfield code="a">D'Ambrosio, C</subfield>
    <subfield code="u">CERN</subfield>
  </datafield>
  <datafield tag="700" ind1=" " ind2=" ">
    <subfield code="a">David, P</subfield>
    <subfield code="u">Paris U., VI-VII</subfield>
  </datafield>
  <datafield tag="700" ind1=" " ind2=" ">
    <subfield code="a">David, P N Y</subfield>
    <subfield code="u">NIKHEF, Amsterdam</subfield>
  </datafield>
  <datafield tag="700" ind1=" " ind2=" ">
    <subfield code="a">De Bonis, I</subfield>
    <subfield code="u">Annecy, LAPP</subfield>
  </datafield>
  <datafield tag="700" ind1=" " ind2=" ">
    <subfield code="a">De Bruyn, K</subfield>
    <subfield code="u">NIKHEF, Amsterdam</subfield>
  </datafield>
  <datafield tag="700" ind1=" " ind2=" ">
    <subfield code="a">De Capua, S</subfield>
    <subfield code="u">INFN, Rome2</subfield>
    <subfield code="u">Rome U.,Tor Vergata</subfield>
  </datafield>
  <datafield tag="700" ind1=" " ind2=" ">
    <subfield code="a">De Cian, M</subfield>
    <subfield code="u">Zurich U.</subfield>
  </datafield>
  <datafield tag="700" ind1=" " ind2=" ">
    <subfield code="a">De Miranda, J M</subfield>
    <subfield code="u">Rio de Janeiro, CBPF</subfield>
  </datafield>
  <datafield tag="700" ind1=" " ind2=" ">
    <subfield code="a">De Paula, L</subfield>
    <subfield code="u">Rio de Janeiro Federal U.</subfield>
  </datafield>
  <datafield tag="700" ind1=" " ind2=" ">
    <subfield code="a">De Simone, P</subfield>
    <subfield code="u">Frascati</subfield>
  </datafield>
  <datafield tag="700" ind1=" " ind2=" ">
    <subfield code="a">Decamp, D</subfield>
    <subfield code="u">Annecy, LAPP</subfield>
  </datafield>
  <datafield tag="700" ind1=" " ind2=" ">
    <subfield code="a">Deckenhoff, M</subfield>
    <subfield code="u">Tech. U., Dortmund (main)</subfield>
  </datafield>
  <datafield tag="700" ind1=" " ind2=" ">
    <subfield code="a">Degaudenzi, H</subfield>
    <subfield code="u">Ecole Polytechnique, Lausanne</subfield>
    <subfield code="u">CERN</subfield>
  </datafield>
  <datafield tag="700" ind1=" " ind2=" ">
    <subfield code="a">Del Buono, L</subfield>
    <subfield code="u">Paris U., VI-VII</subfield>
  </datafield>
  <datafield tag="700" ind1=" " ind2=" ">
    <subfield code="a">Deplano, C</subfield>
    <subfield code="u">INFN, Cagliari</subfield>
  </datafield>
  <datafield tag="700" ind1=" " ind2=" ">
    <subfield code="a">Derkach, D</subfield>
    <subfield code="u">INFN, Bologna</subfield>
    <subfield code="u">CERN</subfield>
  </datafield>
  <datafield tag="700" ind1=" " ind2=" ">
    <subfield code="a">Deschamps, O</subfield>
    <subfield code="u">Clermont-Ferrand U.</subfield>
  </datafield>
  <datafield tag="700" ind1=" " ind2=" ">
    <subfield code="a">Dettori, F</subfield>
    <subfield code="u">NIKHEF, Amsterdam</subfield>
    <subfield code="u">Vrije U., Amsterdam</subfield>
  </datafield>
  <datafield tag="700" ind1=" " ind2=" ">
    <subfield code="a">Dickens, J</subfield>
    <subfield code="u">Cambridge U.</subfield>
  </datafield>
  <datafield tag="700" ind1=" " ind2=" ">
    <subfield code="a">Dijkstra, H</subfield>
    <subfield code="u">CERN</subfield>
  </datafield>
  <datafield tag="700" ind1=" " ind2=" ">
    <subfield code="a">Diniz Batista, P</subfield>
    <subfield code="u">Rio de Janeiro, CBPF</subfield>
  </datafield>
  <datafield tag="700" ind1=" " ind2=" ">
    <subfield code="a">Domingo Bonal, F</subfield>
    <subfield code="u">U. Barcelona (main)</subfield>
    <subfield code="u">Ramon Llull U., Barcelona</subfield>
  </datafield>
  <datafield tag="700" ind1=" " ind2=" ">
    <subfield code="a">Donleavy, S</subfield>
    <subfield code="u">Liverpool U.</subfield>
  </datafield>
  <datafield tag="700" ind1=" " ind2=" ">
    <subfield code="a">Dordei, F</subfield>
    <subfield code="u">Heidelberg U.</subfield>
  </datafield>
  <datafield tag="700" ind1=" " ind2=" ">
    <subfield code="a">Dosil Suárez, A</subfield>
    <subfield code="u">U. Santiago de Compostela (main)</subfield>
  </datafield>
  <datafield tag="700" ind1=" " ind2=" ">
    <subfield code="a">Dossett, D</subfield>
    <subfield code="u">Warwick U.</subfield>
  </datafield>
  <datafield tag="700" ind1=" " ind2=" ">
    <subfield code="a">Dovbnya, A</subfield>
    <subfield code="u">Kharkov, KIPT</subfield>
  </datafield>
  <datafield tag="700" ind1=" " ind2=" ">
    <subfield code="a">Dupertuis, F</subfield>
    <subfield code="u">Ecole Polytechnique, Lausanne</subfield>
  </datafield>
  <datafield tag="700" ind1=" " ind2=" ">
    <subfield code="a">Dzhelyadin, R</subfield>
    <subfield code="u">Serpukhov, IHEP</subfield>
  </datafield>
  <datafield tag="700" ind1=" " ind2=" ">
    <subfield code="a">Dziurda, A</subfield>
    <subfield code="u">Cracow, INP</subfield>
  </datafield>
  <datafield tag="700" ind1=" " ind2=" ">
    <subfield code="a">Dzyuba, A</subfield>
    <subfield code="u">St. Petersburg, INP</subfield>
  </datafield>
  <datafield tag="700" ind1=" " ind2=" ">
    <subfield code="a">Easo, S</subfield>
    <subfield code="u">Rutherford</subfield>
  </datafield>
  <datafield tag="700" ind1=" " ind2=" ">
    <subfield code="a">Egede, U</subfield>
    <subfield code="u">Imperial Coll., London</subfield>
  </datafield>
  <datafield tag="700" ind1=" " ind2=" ">
    <subfield code="a">Egorychev, V</subfield>
    <subfield code="u">Moscow, ITEP</subfield>
  </datafield>
  <datafield tag="700" ind1=" " ind2=" ">
    <subfield code="a">Eidelman, S</subfield>
    <subfield code="u">Novosibirsk, IYF</subfield>
  </datafield>
  <datafield tag="700" ind1=" " ind2=" ">
    <subfield code="a">van Eijk, D</subfield>
    <subfield code="u">NIKHEF, Amsterdam</subfield>
  </datafield>
  <datafield tag="700" ind1=" " ind2=" ">
    <subfield code="a">Eisele, F</subfield>
    <subfield code="u">Heidelberg U.</subfield>
  </datafield>
  <datafield tag="700" ind1=" " ind2=" ">
    <subfield code="a">Eisenhardt, S</subfield>
    <subfield code="u">Edinburgh U.</subfield>
  </datafield>
  <datafield tag="700" ind1=" " ind2=" ">
    <subfield code="a">Ekelhof, R</subfield>
    <subfield code="u">Tech. U., Dortmund (main)</subfield>
  </datafield>
  <datafield tag="700" ind1=" " ind2=" ">
    <subfield code="a">Eklund, L</subfield>
    <subfield code="u">Glasgow U.</subfield>
  </datafield>
  <datafield tag="700" ind1=" " ind2=" ">
    <subfield code="a">El Rifai, I</subfield>
    <subfield code="u">Clermont-Ferrand U.</subfield>
  </datafield>
  <datafield tag="700" ind1=" " ind2=" ">
    <subfield code="a">Elsasser, Ch</subfield>
    <subfield code="u">Zurich U.</subfield>
  </datafield>
  <datafield tag="700" ind1=" " ind2=" ">
    <subfield code="a">Elsby, D</subfield>
    <subfield code="u">Birmingham U.</subfield>
  </datafield>
  <datafield tag="700" ind1=" " ind2=" ">
    <subfield code="a">Esperante Pereira, D</subfield>
    <subfield code="u">U. Santiago de Compostela (main)</subfield>
  </datafield>
  <datafield tag="700" ind1=" " ind2=" ">
    <subfield code="a">Falabella, A</subfield>
    <subfield code="u">INFN, Bologna</subfield>
    <subfield code="u">Ferrara U.</subfield>
  </datafield>
  <datafield tag="700" ind1=" " ind2=" ">
    <subfield code="a">Färber, C</subfield>
    <subfield code="u">Heidelberg U.</subfield>
  </datafield>
  <datafield tag="700" ind1=" " ind2=" ">
    <subfield code="a">Fardell, G</subfield>
    <subfield code="u">Edinburgh U.</subfield>
  </datafield>
  <datafield tag="700" ind1=" " ind2=" ">
    <subfield code="a">Farinelli, C</subfield>
    <subfield code="u">NIKHEF, Amsterdam</subfield>
  </datafield>
  <datafield tag="700" ind1=" " ind2=" ">
    <subfield code="a">Farry, S</subfield>
    <subfield code="u">University Coll., Dublin</subfield>
  </datafield>
  <datafield tag="700" ind1=" " ind2=" ">
    <subfield code="a">Fave, V</subfield>
    <subfield code="u">Ecole Polytechnique, Lausanne</subfield>
  </datafield>
  <datafield tag="700" ind1=" " ind2=" ">
    <subfield code="a">Fernandez Albor, V</subfield>
    <subfield code="u">U. Santiago de Compostela (main)</subfield>
  </datafield>
  <datafield tag="700" ind1=" " ind2=" ">
    <subfield code="a">Ferreira Rodrigues, F</subfield>
    <subfield code="u">Rio de Janeiro, CBPF</subfield>
  </datafield>
  <datafield tag="700" ind1=" " ind2=" ">
    <subfield code="a">Ferro-Luzzi, M</subfield>
    <subfield code="u">CERN</subfield>
  </datafield>
  <datafield tag="700" ind1=" " ind2=" ">
    <subfield code="a">Filippov, S</subfield>
    <subfield code="u">Moscow, INR</subfield>
  </datafield>
  <datafield tag="700" ind1=" " ind2=" ">
    <subfield code="a">Fitzpatrick, C</subfield>
    <subfield code="u">Edinburgh U.</subfield>
  </datafield>
  <datafield tag="700" ind1=" " ind2=" ">
    <subfield code="a">Fontana, M</subfield>
    <subfield code="u">Heidelberg, Max Planck Inst.</subfield>
  </datafield>
  <datafield tag="700" ind1=" " ind2=" ">
    <subfield code="a">Fontanelli, F</subfield>
    <subfield code="u">INFN, Genoa</subfield>
    <subfield code="u">Genoa U.</subfield>
  </datafield>
  <datafield tag="700" ind1=" " ind2=" ">
    <subfield code="a">Forty, R</subfield>
    <subfield code="u">CERN</subfield>
  </datafield>
  <datafield tag="700" ind1=" " ind2=" ">
    <subfield code="a">Francisco, O</subfield>
    <subfield code="u">Rio de Janeiro Federal U.</subfield>
  </datafield>
  <datafield tag="700" ind1=" " ind2=" ">
    <subfield code="a">Frank, M</subfield>
    <subfield code="u">CERN</subfield>
  </datafield>
  <datafield tag="700" ind1=" " ind2=" ">
    <subfield code="a">Frei, C</subfield>
    <subfield code="u">CERN</subfield>
  </datafield>
  <datafield tag="700" ind1=" " ind2=" ">
    <subfield code="a">Frosini, M</subfield>
    <subfield code="u">INFN, Florence</subfield>
    <subfield code="u">Florence U.</subfield>
  </datafield>
  <datafield tag="700" ind1=" " ind2=" ">
    <subfield code="a">Furcas, S</subfield>
    <subfield code="u">INFN, Milan Bicocca</subfield>
  </datafield>
  <datafield tag="700" ind1=" " ind2=" ">
    <subfield code="a">Gallas Torreira, A</subfield>
    <subfield code="u">U. Santiago de Compostela (main)</subfield>
  </datafield>
  <datafield tag="700" ind1=" " ind2=" ">
    <subfield code="a">Galli, D</subfield>
    <subfield code="u">INFN, Bologna</subfield>
    <subfield code="u">Bologna U.</subfield>
  </datafield>
  <datafield tag="700" ind1=" " ind2=" ">
    <subfield code="a">Gandelman, M</subfield>
    <subfield code="u">Rio de Janeiro Federal U.</subfield>
  </datafield>
  <datafield tag="700" ind1=" " ind2=" ">
    <subfield code="a">Gandini, P</subfield>
    <subfield code="u">Oxford U.</subfield>
  </datafield>
  <datafield tag="700" ind1=" " ind2=" ">
    <subfield code="a">Gao, Y</subfield>
    <subfield code="u">Peking U., CHEP</subfield>
  </datafield>
  <datafield tag="700" ind1=" " ind2=" ">
    <subfield code="a">Garnier, J-C</subfield>
    <subfield code="u">CERN</subfield>
  </datafield>
  <datafield tag="700" ind1=" " ind2=" ">
    <subfield code="a">Garofoli, J</subfield>
    <subfield code="u">Syracuse U.</subfield>
  </datafield>
  <datafield tag="700" ind1=" " ind2=" ">
    <subfield code="a">Garra Tico, J</subfield>
    <subfield code="u">Cambridge U.</subfield>
  </datafield>
  <datafield tag="700" ind1=" " ind2=" ">
    <subfield code="a">Garrido, L</subfield>
    <subfield code="u">U. Barcelona (main)</subfield>
  </datafield>
  <datafield tag="700" ind1=" " ind2=" ">
    <subfield code="a">Gascon, D</subfield>
    <subfield code="u">U. Barcelona (main)</subfield>
  </datafield>
  <datafield tag="700" ind1=" " ind2=" ">
    <subfield code="a">Gaspar, C</subfield>
    <subfield code="u">CERN</subfield>
  </datafield>
  <datafield tag="700" ind1=" " ind2=" ">
    <subfield code="a">Gauld, R</subfield>
    <subfield code="u">Oxford U.</subfield>
  </datafield>
  <datafield tag="700" ind1=" " ind2=" ">
    <subfield code="a">Gersabeck, E</subfield>
    <subfield code="u">Heidelberg U.</subfield>
  </datafield>
  <datafield tag="700" ind1=" " ind2=" ">
    <subfield code="a">Gersabeck, M</subfield>
    <subfield code="u">CERN</subfield>
  </datafield>
  <datafield tag="700" ind1=" " ind2=" ">
    <subfield code="a">Gershon, T</subfield>
    <subfield code="u">Warwick U.</subfield>
    <subfield code="u">CERN</subfield>
  </datafield>
  <datafield tag="700" ind1=" " ind2=" ">
    <subfield code="a">Ghez, Ph</subfield>
    <subfield code="u">Annecy, LAPP</subfield>
  </datafield>
  <datafield tag="700" ind1=" " ind2=" ">
    <subfield code="a">Gibson, V</subfield>
    <subfield code="u">Cambridge U.</subfield>
  </datafield>
  <datafield tag="700" ind1=" " ind2=" ">
    <subfield code="a">Gligorov, V V</subfield>
    <subfield code="u">CERN</subfield>
  </datafield>
  <datafield tag="700" ind1=" " ind2=" ">
    <subfield code="a">Göbel, C</subfield>
    <subfield code="u">Rio de Janeiro, Pont. U. Catol.</subfield>
  </datafield>
  <datafield tag="700" ind1=" " ind2=" ">
    <subfield code="a">Golubkov, D</subfield>
    <subfield code="u">Moscow, ITEP</subfield>
  </datafield>
  <datafield tag="700" ind1=" " ind2=" ">
    <subfield code="a">Golutvin, A</subfield>
    <subfield code="u">Imperial Coll., London</subfield>
    <subfield code="u">Moscow, ITEP</subfield>
    <subfield code="u">CERN</subfield>
  </datafield>
  <datafield tag="700" ind1=" " ind2=" ">
    <subfield code="a">Gomes, A</subfield>
    <subfield code="u">Rio de Janeiro Federal U.</subfield>
  </datafield>
  <datafield tag="700" ind1=" " ind2=" ">
    <subfield code="a">Gordon, H</subfield>
    <subfield code="u">Oxford U.</subfield>
  </datafield>
  <datafield tag="700" ind1=" " ind2=" ">
    <subfield code="a">Grabalosa Gándara, M</subfield>
    <subfield code="u">U. Barcelona (main)</subfield>
  </datafield>
  <datafield tag="700" ind1=" " ind2=" ">
    <subfield code="a">Graciani Diaz, R</subfield>
    <subfield code="u">U. Barcelona (main)</subfield>
  </datafield>
  <datafield tag="700" ind1=" " ind2=" ">
    <subfield code="a">Granado Cardoso, L A</subfield>
    <subfield code="u">CERN</subfield>
  </datafield>
  <datafield tag="700" ind1=" " ind2=" ">
    <subfield code="a">Graugés, E</subfield>
    <subfield code="u">U. Barcelona (main)</subfield>
  </datafield>
  <datafield tag="700" ind1=" " ind2=" ">
    <subfield code="a">Graziani, G</subfield>
    <subfield code="u">INFN, Florence</subfield>
  </datafield>
  <datafield tag="700" ind1=" " ind2=" ">
    <subfield code="a">Grecu, A</subfield>
    <subfield code="u">Bucharest, IFIN-HH</subfield>
  </datafield>
  <datafield tag="700" ind1=" " ind2=" ">
    <subfield code="a">Greening, E</subfield>
    <subfield code="u">Oxford U.</subfield>
  </datafield>
  <datafield tag="700" ind1=" " ind2=" ">
    <subfield code="a">Gregson, S</subfield>
    <subfield code="u">Cambridge U.</subfield>
  </datafield>
  <datafield tag="700" ind1=" " ind2=" ">
    <subfield code="a">Grünberg, O</subfield>
    <subfield code="u">Rostock U.</subfield>
  </datafield>
  <datafield tag="700" ind1=" " ind2=" ">
    <subfield code="a">Gui, B</subfield>
    <subfield code="u">Syracuse U.</subfield>
  </datafield>
  <datafield tag="700" ind1=" " ind2=" ">
    <subfield code="a">Gushchin, E</subfield>
    <subfield code="u">Moscow, INR</subfield>
  </datafield>
  <datafield tag="700" ind1=" " ind2=" ">
    <subfield code="a">Guz, Yu</subfield>
    <subfield code="u">Serpukhov, IHEP</subfield>
  </datafield>
  <datafield tag="700" ind1=" " ind2=" ">
    <subfield code="a">Gys, T</subfield>
    <subfield code="u">CERN</subfield>
  </datafield>
  <datafield tag="700" ind1=" " ind2=" ">
    <subfield code="a">Hadjivasiliou, C</subfield>
    <subfield code="u">Syracuse U.</subfield>
  </datafield>
  <datafield tag="700" ind1=" " ind2=" ">
    <subfield code="a">Haefeli, G</subfield>
    <subfield code="u">Ecole Polytechnique, Lausanne</subfield>
  </datafield>
  <datafield tag="700" ind1=" " ind2=" ">
    <subfield code="a">Haen, C</subfield>
    <subfield code="u">CERN</subfield>
  </datafield>
  <datafield tag="700" ind1=" " ind2=" ">
    <subfield code="a">Haines, S C</subfield>
    <subfield code="u">Cambridge U.</subfield>
  </datafield>
  <datafield tag="700" ind1=" " ind2=" ">
    <subfield code="a">Hall, S</subfield>
    <subfield code="u">Imperial Coll., London</subfield>
  </datafield>
  <datafield tag="700" ind1=" " ind2=" ">
    <subfield code="a">Hampson, T</subfield>
    <subfield code="u">Bristol U.</subfield>
  </datafield>
  <datafield tag="700" ind1=" " ind2=" ">
    <subfield code="a">Hansmann-Menzemer, S</subfield>
    <subfield code="u">Heidelberg U.</subfield>
  </datafield>
  <datafield tag="700" ind1=" " ind2=" ">
    <subfield code="a">Harnew, N</subfield>
    <subfield code="u">Oxford U.</subfield>
  </datafield>
  <datafield tag="700" ind1=" " ind2=" ">
    <subfield code="a">Harnew, S T</subfield>
    <subfield code="u">Bristol U.</subfield>
  </datafield>
  <datafield tag="700" ind1=" " ind2=" ">
    <subfield code="a">Harrison, J</subfield>
    <subfield code="u">Manchester U.</subfield>
  </datafield>
  <datafield tag="700" ind1=" " ind2=" ">
    <subfield code="a">Harrison, P F</subfield>
    <subfield code="u">Warwick U.</subfield>
  </datafield>
  <datafield tag="700" ind1=" " ind2=" ">
    <subfield code="a">Hartmann, T</subfield>
    <subfield code="u">Rostock U.</subfield>
  </datafield>
  <datafield tag="700" ind1=" " ind2=" ">
    <subfield code="a">He, J</subfield>
    <subfield code="u">Orsay, LAL</subfield>
  </datafield>
  <datafield tag="700" ind1=" " ind2=" ">
    <subfield code="a">Heijne, V</subfield>
    <subfield code="u">NIKHEF, Amsterdam</subfield>
  </datafield>
  <datafield tag="700" ind1=" " ind2=" ">
    <subfield code="a">Hennessy, K</subfield>
    <subfield code="u">Liverpool U.</subfield>
  </datafield>
  <datafield tag="700" ind1=" " ind2=" ">
    <subfield code="a">Henrard, P</subfield>
    <subfield code="u">Clermont-Ferrand U.</subfield>
  </datafield>
  <datafield tag="700" ind1=" " ind2=" ">
    <subfield code="a">Hernando Morata, J A</subfield>
    <subfield code="u">U. Santiago de Compostela (main)</subfield>
  </datafield>
  <datafield tag="700" ind1=" " ind2=" ">
    <subfield code="a">van Herwijnen, E</subfield>
    <subfield code="u">CERN</subfield>
  </datafield>
  <datafield tag="700" ind1=" " ind2=" ">
    <subfield code="a">Hicks, E</subfield>
    <subfield code="u">Liverpool U.</subfield>
  </datafield>
  <datafield tag="700" ind1=" " ind2=" ">
    <subfield code="a">Hill, D</subfield>
    <subfield code="u">Oxford U.</subfield>
  </datafield>
  <datafield tag="700" ind1=" " ind2=" ">
    <subfield code="a">Hoballah, M</subfield>
    <subfield code="u">Clermont-Ferrand U.</subfield>
  </datafield>
  <datafield tag="700" ind1=" " ind2=" ">
    <subfield code="a">Hopchev, P</subfield>
    <subfield code="u">Annecy, LAPP</subfield>
  </datafield>
  <datafield tag="700" ind1=" " ind2=" ">
    <subfield code="a">Hulsbergen, W</subfield>
    <subfield code="u">NIKHEF, Amsterdam</subfield>
  </datafield>
  <datafield tag="700" ind1=" " ind2=" ">
    <subfield code="a">Hunt, P</subfield>
    <subfield code="u">Oxford U.</subfield>
  </datafield>
  <datafield tag="700" ind1=" " ind2=" ">
    <subfield code="a">Huse, T</subfield>
    <subfield code="u">Liverpool U.</subfield>
  </datafield>
  <datafield tag="700" ind1=" " ind2=" ">
    <subfield code="a">Hussain, N</subfield>
    <subfield code="u">Oxford U.</subfield>
  </datafield>
  <datafield tag="700" ind1=" " ind2=" ">
    <subfield code="a">Huston, R S</subfield>
    <subfield code="u">University Coll., Dublin</subfield>
  </datafield>
  <datafield tag="700" ind1=" " ind2=" ">
    <subfield code="a">Hutchcroft, D</subfield>
    <subfield code="u">Liverpool U.</subfield>
  </datafield>
  <datafield tag="700" ind1=" " ind2=" ">
    <subfield code="a">Hynds, D</subfield>
    <subfield code="u">Glasgow U.</subfield>
  </datafield>
  <datafield tag="700" ind1=" " ind2=" ">
    <subfield code="a">Iakovenko, V</subfield>
    <subfield code="u">Kiev, INR</subfield>
  </datafield>
  <datafield tag="700" ind1=" " ind2=" ">
    <subfield code="a">Ilten, P</subfield>
    <subfield code="u">University Coll., Dublin</subfield>
  </datafield>
  <datafield tag="700" ind1=" " ind2=" ">
    <subfield code="a">Imong, J</subfield>
    <subfield code="u">Bristol U.</subfield>
  </datafield>
  <datafield tag="700" ind1=" " ind2=" ">
    <subfield code="a">Jacobsson, R</subfield>
    <subfield code="u">CERN</subfield>
  </datafield>
  <datafield tag="700" ind1=" " ind2=" ">
    <subfield code="a">Jaeger, A</subfield>
    <subfield code="u">Heidelberg U.</subfield>
  </datafield>
  <datafield tag="700" ind1=" " ind2=" ">
    <subfield code="a">Jahjah Hussein, M</subfield>
    <subfield code="u">Clermont-Ferrand U.</subfield>
  </datafield>
  <datafield tag="700" ind1=" " ind2=" ">
    <subfield code="a">Jans, E</subfield>
    <subfield code="u">NIKHEF, Amsterdam</subfield>
  </datafield>
  <datafield tag="700" ind1=" " ind2=" ">
    <subfield code="a">Jansen, F</subfield>
    <subfield code="u">NIKHEF, Amsterdam</subfield>
  </datafield>
  <datafield tag="700" ind1=" " ind2=" ">
    <subfield code="a">Jaton, P</subfield>
    <subfield code="u">Ecole Polytechnique, Lausanne</subfield>
  </datafield>
  <datafield tag="700" ind1=" " ind2=" ">
    <subfield code="a">Jean-Marie, B</subfield>
    <subfield code="u">Orsay, LAL</subfield>
  </datafield>
  <datafield tag="700" ind1=" " ind2=" ">
    <subfield code="a">Jing, F</subfield>
    <subfield code="u">Peking U., CHEP</subfield>
  </datafield>
  <datafield tag="700" ind1=" " ind2=" ">
    <subfield code="a">John, M</subfield>
    <subfield code="u">Oxford U.</subfield>
  </datafield>
  <datafield tag="700" ind1=" " ind2=" ">
    <subfield code="a">Johnson, D</subfield>
    <subfield code="u">Oxford U.</subfield>
  </datafield>
  <datafield tag="700" ind1=" " ind2=" ">
    <subfield code="a">Jones, C R</subfield>
    <subfield code="u">Cambridge U.</subfield>
  </datafield>
  <datafield tag="700" ind1=" " ind2=" ">
    <subfield code="a">Jost, B</subfield>
    <subfield code="u">CERN</subfield>
  </datafield>
  <datafield tag="700" ind1=" " ind2=" ">
    <subfield code="a">Kaballo, M</subfield>
    <subfield code="u">Tech. U., Dortmund (main)</subfield>
  </datafield>
  <datafield tag="700" ind1=" " ind2=" ">
    <subfield code="a">Kandybei, S</subfield>
    <subfield code="u">Kharkov, KIPT</subfield>
  </datafield>
  <datafield tag="700" ind1=" " ind2=" ">
    <subfield code="a">Karacson, M</subfield>
    <subfield code="u">CERN</subfield>
  </datafield>
  <datafield tag="700" ind1=" " ind2=" ">
    <subfield code="a">Karbach, T M</subfield>
    <subfield code="u">Tech. U., Dortmund (main)</subfield>
  </datafield>
  <datafield tag="700" ind1=" " ind2=" ">
    <subfield code="a">Keaveney, J</subfield>
    <subfield code="u">University Coll., Dublin</subfield>
  </datafield>
  <datafield tag="700" ind1=" " ind2=" ">
    <subfield code="a">Kenyon, I R</subfield>
    <subfield code="u">Birmingham U.</subfield>
  </datafield>
  <datafield tag="700" ind1=" " ind2=" ">
    <subfield code="a">Kerzel, U</subfield>
    <subfield code="u">CERN</subfield>
  </datafield>
  <datafield tag="700" ind1=" " ind2=" ">
    <subfield code="a">Ketel, T</subfield>
    <subfield code="u">NIKHEF, Amsterdam</subfield>
    <subfield code="u">Vrije U., Amsterdam</subfield>
  </datafield>
  <datafield tag="700" ind1=" " ind2=" ">
    <subfield code="a">Keune, A</subfield>
    <subfield code="u">Ecole Polytechnique, Lausanne</subfield>
  </datafield>
  <datafield tag="700" ind1=" " ind2=" ">
    <subfield code="a">Khanji, B</subfield>
    <subfield code="u">INFN, Milan Bicocca</subfield>
  </datafield>
  <datafield tag="700" ind1=" " ind2=" ">
    <subfield code="a">Kim, Y M</subfield>
    <subfield code="u">Edinburgh U.</subfield>
  </datafield>
  <datafield tag="700" ind1=" " ind2=" ">
    <subfield code="a">Knecht, M</subfield>
    <subfield code="u">Ecole Polytechnique, Lausanne</subfield>
  </datafield>
  <datafield tag="700" ind1=" " ind2=" ">
    <subfield code="a">Kochebina, O</subfield>
    <subfield code="u">Orsay, LAL</subfield>
  </datafield>
  <datafield tag="700" ind1=" " ind2=" ">
    <subfield code="a">Komarov, I</subfield>
    <subfield code="u">SINP, Moscow</subfield>
  </datafield>
  <datafield tag="700" ind1=" " ind2=" ">
    <subfield code="a">Koopman, R F</subfield>
    <subfield code="u">NIKHEF, Amsterdam</subfield>
    <subfield code="u">Vrije U., Amsterdam</subfield>
  </datafield>
  <datafield tag="700" ind1=" " ind2=" ">
    <subfield code="a">Koppenburg, P</subfield>
    <subfield code="u">NIKHEF, Amsterdam</subfield>
  </datafield>
  <datafield tag="700" ind1=" " ind2=" ">
    <subfield code="a">Korolev, M</subfield>
    <subfield code="u">SINP, Moscow</subfield>
  </datafield>
  <datafield tag="700" ind1=" " ind2=" ">
    <subfield code="a">Kozlinskiy, A</subfield>
    <subfield code="u">NIKHEF, Amsterdam</subfield>
  </datafield>
  <datafield tag="700" ind1=" " ind2=" ">
    <subfield code="a">Kravchuk, L</subfield>
    <subfield code="u">Moscow, INR</subfield>
  </datafield>
  <datafield tag="700" ind1=" " ind2=" ">
    <subfield code="a">Kreplin, K</subfield>
    <subfield code="u">Heidelberg U.</subfield>
  </datafield>
  <datafield tag="700" ind1=" " ind2=" ">
    <subfield code="a">Kreps, M</subfield>
    <subfield code="u">Warwick U.</subfield>
  </datafield>
  <datafield tag="700" ind1=" " ind2=" ">
    <subfield code="a">Krocker, G</subfield>
    <subfield code="u">Heidelberg U.</subfield>
  </datafield>
  <datafield tag="700" ind1=" " ind2=" ">
    <subfield code="a">Krokovny, P</subfield>
    <subfield code="u">Novosibirsk, IYF</subfield>
  </datafield>
  <datafield tag="700" ind1=" " ind2=" ">
    <subfield code="a">Kruse, F</subfield>
    <subfield code="u">Tech. U., Dortmund (main)</subfield>
  </datafield>
  <datafield tag="700" ind1=" " ind2=" ">
    <subfield code="a">Kucharczyk, M</subfield>
    <subfield code="u">INFN, Milan Bicocca</subfield>
    <subfield code="u">Cracow, INP</subfield>
    <subfield code="u">CERN</subfield>
    <subfield code="u">Milan Bicocca U.</subfield>
  </datafield>
  <datafield tag="700" ind1=" " ind2=" ">
    <subfield code="a">Kudryavtsev, V</subfield>
    <subfield code="u">Novosibirsk, IYF</subfield>
  </datafield>
  <datafield tag="700" ind1=" " ind2=" ">
    <subfield code="a">Kvaratskheliya, T</subfield>
    <subfield code="u">Moscow, ITEP</subfield>
    <subfield code="u">CERN</subfield>
  </datafield>
  <datafield tag="700" ind1=" " ind2=" ">
    <subfield code="a">La Thi, V N</subfield>
    <subfield code="u">Ecole Polytechnique, Lausanne</subfield>
  </datafield>
  <datafield tag="700" ind1=" " ind2=" ">
    <subfield code="a">Lacarrere, D</subfield>
    <subfield code="u">CERN</subfield>
  </datafield>
  <datafield tag="700" ind1=" " ind2=" ">
    <subfield code="a">Lafferty, G</subfield>
    <subfield code="u">Manchester U.</subfield>
  </datafield>
  <datafield tag="700" ind1=" " ind2=" ">
    <subfield code="a">Lai, A</subfield>
    <subfield code="u">INFN, Cagliari</subfield>
  </datafield>
  <datafield tag="700" ind1=" " ind2=" ">
    <subfield code="a">Lambert, D</subfield>
    <subfield code="u">Edinburgh U.</subfield>
  </datafield>
  <datafield tag="700" ind1=" " ind2=" ">
    <subfield code="a">Lambert, R W</subfield>
    <subfield code="u">NIKHEF, Amsterdam</subfield>
    <subfield code="u">Vrije U., Amsterdam</subfield>
  </datafield>
  <datafield tag="700" ind1=" " ind2=" ">
    <subfield code="a">Lanciotti, E</subfield>
    <subfield code="u">CERN</subfield>
  </datafield>
  <datafield tag="700" ind1=" " ind2=" ">
    <subfield code="a">Lanfranchi, G</subfield>
    <subfield code="u">Frascati</subfield>
    <subfield code="u">CERN</subfield>
  </datafield>
  <datafield tag="700" ind1=" " ind2=" ">
    <subfield code="a">Langenbruch, C</subfield>
    <subfield code="u">CERN</subfield>
  </datafield>
  <datafield tag="700" ind1=" " ind2=" ">
    <subfield code="a">Latham, T</subfield>
    <subfield code="u">Warwick U.</subfield>
  </datafield>
  <datafield tag="700" ind1=" " ind2=" ">
    <subfield code="a">Lazzeroni, C</subfield>
    <subfield code="u">Birmingham U.</subfield>
  </datafield>
  <datafield tag="700" ind1=" " ind2=" ">
    <subfield code="a">Le Gac, R</subfield>
    <subfield code="u">Marseille, CPPM</subfield>
  </datafield>
  <datafield tag="700" ind1=" " ind2=" ">
    <subfield code="a">van Leerdam, J</subfield>
    <subfield code="u">NIKHEF, Amsterdam</subfield>
  </datafield>
  <datafield tag="700" ind1=" " ind2=" ">
    <subfield code="a">Lees, J-P</subfield>
    <subfield code="u">Annecy, LAPP</subfield>
  </datafield>
  <datafield tag="700" ind1=" " ind2=" ">
    <subfield code="a">Lefèvre, R</subfield>
    <subfield code="u">Clermont-Ferrand U.</subfield>
  </datafield>
  <datafield tag="700" ind1=" " ind2=" ">
    <subfield code="a">Leflat, A</subfield>
    <subfield code="u">SINP, Moscow</subfield>
    <subfield code="u">CERN</subfield>
  </datafield>
  <datafield tag="700" ind1=" " ind2=" ">
    <subfield code="a">Lefrançois, J</subfield>
    <subfield code="u">Orsay, LAL</subfield>
  </datafield>
  <datafield tag="700" ind1=" " ind2=" ">
    <subfield code="a">Leroy, O</subfield>
    <subfield code="u">Marseille, CPPM</subfield>
  </datafield>
  <datafield tag="700" ind1=" " ind2=" ">
    <subfield code="a">Lesiak, T</subfield>
    <subfield code="u">Cracow, INP</subfield>
  </datafield>
  <datafield tag="700" ind1=" " ind2=" ">
    <subfield code="a">Li, L</subfield>
    <subfield code="u">Peking U., CHEP</subfield>
  </datafield>
  <datafield tag="700" ind1=" " ind2=" ">
    <subfield code="a">Li, Y</subfield>
    <subfield code="u">Peking U., CHEP</subfield>
  </datafield>
  <datafield tag="700" ind1=" " ind2=" ">
    <subfield code="a">Li Gioi, L</subfield>
    <subfield code="u">Clermont-Ferrand U.</subfield>
  </datafield>
  <datafield tag="700" ind1=" " ind2=" ">
    <subfield code="a">Lieng, M</subfield>
    <subfield code="u">Tech. U., Dortmund (main)</subfield>
  </datafield>
  <datafield tag="700" ind1=" " ind2=" ">
    <subfield code="a">Liles, M</subfield>
    <subfield code="u">Liverpool U.</subfield>
  </datafield>
  <datafield tag="700" ind1=" " ind2=" ">
    <subfield code="a">Lindner, R</subfield>
    <subfield code="u">CERN</subfield>
  </datafield>
  <datafield tag="700" ind1=" " ind2=" ">
    <subfield code="a">Linn, C</subfield>
    <subfield code="u">Heidelberg U.</subfield>
  </datafield>
  <datafield tag="700" ind1=" " ind2=" ">
    <subfield code="a">Liu, B</subfield>
    <subfield code="u">Peking U., CHEP</subfield>
  </datafield>
  <datafield tag="700" ind1=" " ind2=" ">
    <subfield code="a">Liu, G</subfield>
    <subfield code="u">CERN</subfield>
  </datafield>
  <datafield tag="700" ind1=" " ind2=" ">
    <subfield code="a">von Loeben, J</subfield>
    <subfield code="u">INFN, Milan Bicocca</subfield>
  </datafield>
  <datafield tag="700" ind1=" " ind2=" ">
    <subfield code="a">Lopes, J H</subfield>
    <subfield code="u">Rio de Janeiro Federal U.</subfield>
  </datafield>
  <datafield tag="700" ind1=" " ind2=" ">
    <subfield code="a">Lopez Asamar, E</subfield>
    <subfield code="u">U. Barcelona (main)</subfield>
  </datafield>
  <datafield tag="700" ind1=" " ind2=" ">
    <subfield code="a">Lopez-March, N</subfield>
    <subfield code="u">Ecole Polytechnique, Lausanne</subfield>
  </datafield>
  <datafield tag="700" ind1=" " ind2=" ">
    <subfield code="a">Lu, H</subfield>
    <subfield code="u">Peking U., CHEP</subfield>
  </datafield>
  <datafield tag="700" ind1=" " ind2=" ">
    <subfield code="a">Luisier, J</subfield>
    <subfield code="u">Ecole Polytechnique, Lausanne</subfield>
  </datafield>
  <datafield tag="700" ind1=" " ind2=" ">
    <subfield code="a">Mac Raighne, A</subfield>
    <subfield code="u">Glasgow U.</subfield>
  </datafield>
  <datafield tag="700" ind1=" " ind2=" ">
    <subfield code="a">Machefert, F</subfield>
    <subfield code="u">Orsay, LAL</subfield>
  </datafield>
  <datafield tag="700" ind1=" " ind2=" ">
    <subfield code="a">Machikhiliyan, I V</subfield>
    <subfield code="u">Annecy, LAPP</subfield>
    <subfield code="u">Moscow, ITEP</subfield>
  </datafield>
  <datafield tag="700" ind1=" " ind2=" ">
    <subfield code="a">Maciuc, F</subfield>
    <subfield code="u">Heidelberg, Max Planck Inst.</subfield>
  </datafield>
  <datafield tag="700" ind1=" " ind2=" ">
    <subfield code="a">Maev, O</subfield>
    <subfield code="u">St. Petersburg, INP</subfield>
    <subfield code="u">CERN</subfield>
  </datafield>
  <datafield tag="700" ind1=" " ind2=" ">
    <subfield code="a">Magnin, J</subfield>
    <subfield code="u">Rio de Janeiro, CBPF</subfield>
  </datafield>
  <datafield tag="700" ind1=" " ind2=" ">
    <subfield code="a">Malde, S</subfield>
    <subfield code="u">Oxford U.</subfield>
  </datafield>
  <datafield tag="700" ind1=" " ind2=" ">
    <subfield code="a">Mamunur, R M D</subfield>
    <subfield code="u">CERN</subfield>
  </datafield>
  <datafield tag="700" ind1=" " ind2=" ">
    <subfield code="a">Manca, G</subfield>
    <subfield code="u">INFN, Cagliari</subfield>
    <subfield code="u">Cagliari U.</subfield>
  </datafield>
  <datafield tag="700" ind1=" " ind2=" ">
    <subfield code="a">Mancinelli, G</subfield>
    <subfield code="u">Marseille, CPPM</subfield>
  </datafield>
  <datafield tag="700" ind1=" " ind2=" ">
    <subfield code="a">Mangiafave, N</subfield>
    <subfield code="u">Cambridge U.</subfield>
  </datafield>
  <datafield tag="700" ind1=" " ind2=" ">
    <subfield code="a">Marconi, U</subfield>
    <subfield code="u">INFN, Bologna</subfield>
  </datafield>
  <datafield tag="700" ind1=" " ind2=" ">
    <subfield code="a">Märki, R</subfield>
    <subfield code="u">Ecole Polytechnique, Lausanne</subfield>
  </datafield>
  <datafield tag="700" ind1=" " ind2=" ">
    <subfield code="a">Marks, J</subfield>
    <subfield code="u">Heidelberg U.</subfield>
  </datafield>
  <datafield tag="700" ind1=" " ind2=" ">
    <subfield code="a">Martellotti, G</subfield>
    <subfield code="u">INFN, Rome</subfield>
  </datafield>
  <datafield tag="700" ind1=" " ind2=" ">
    <subfield code="a">Martens, A</subfield>
    <subfield code="u">Paris U., VI-VII</subfield>
  </datafield>
  <datafield tag="700" ind1=" " ind2=" ">
    <subfield code="a">Martin, L</subfield>
    <subfield code="u">Oxford U.</subfield>
  </datafield>
  <datafield tag="700" ind1=" " ind2=" ">
    <subfield code="a">Martín Sánchez, A</subfield>
    <subfield code="u">Orsay, LAL</subfield>
  </datafield>
  <datafield tag="700" ind1=" " ind2=" ">
    <subfield code="a">Martinelli, M</subfield>
    <subfield code="u">NIKHEF, Amsterdam</subfield>
  </datafield>
  <datafield tag="700" ind1=" " ind2=" ">
    <subfield code="a">Martinez Santos, D</subfield>
    <subfield code="u">CERN</subfield>
  </datafield>
  <datafield tag="700" ind1=" " ind2=" ">
    <subfield code="a">Massafferri, A</subfield>
    <subfield code="u">Rio de Janeiro, CBPF</subfield>
  </datafield>
  <datafield tag="700" ind1=" " ind2=" ">
    <subfield code="a">Mathe, Z</subfield>
    <subfield code="u">University Coll., Dublin</subfield>
  </datafield>
  <datafield tag="700" ind1=" " ind2=" ">
    <subfield code="a">Matteuzzi, C</subfield>
    <subfield code="u">INFN, Milan Bicocca</subfield>
  </datafield>
  <datafield tag="700" ind1=" " ind2=" ">
    <subfield code="a">Matveev, M</subfield>
    <subfield code="u">St. Petersburg, INP</subfield>
  </datafield>
  <datafield tag="700" ind1=" " ind2=" ">
    <subfield code="a">Maurice, E</subfield>
    <subfield code="u">Marseille, CPPM</subfield>
  </datafield>
  <datafield tag="700" ind1=" " ind2=" ">
    <subfield code="a">Mazurov, A</subfield>
    <subfield code="u">INFN, Ferrara</subfield>
    <subfield code="u">Moscow, INR</subfield>
    <subfield code="u">CERN</subfield>
  </datafield>
  <datafield tag="700" ind1=" " ind2=" ">
    <subfield code="a">McCarthy, J</subfield>
    <subfield code="u">Birmingham U.</subfield>
  </datafield>
  <datafield tag="700" ind1=" " ind2=" ">
    <subfield code="a">McGregor, G</subfield>
    <subfield code="u">Manchester U.</subfield>
  </datafield>
  <datafield tag="700" ind1=" " ind2=" ">
    <subfield code="a">McNulty, R</subfield>
    <subfield code="u">University Coll., Dublin</subfield>
  </datafield>
  <datafield tag="700" ind1=" " ind2=" ">
    <subfield code="a">Meissner, M</subfield>
    <subfield code="u">Heidelberg U.</subfield>
  </datafield>
  <datafield tag="700" ind1=" " ind2=" ">
    <subfield code="a">Merk, M</subfield>
    <subfield code="u">NIKHEF, Amsterdam</subfield>
  </datafield>
  <datafield tag="700" ind1=" " ind2=" ">
    <subfield code="a">Merkel, J</subfield>
    <subfield code="u">Tech. U., Dortmund (main)</subfield>
  </datafield>
  <datafield tag="700" ind1=" " ind2=" ">
    <subfield code="a">Milanes, D A</subfield>
    <subfield code="u">INFN, Bari</subfield>
  </datafield>
  <datafield tag="700" ind1=" " ind2=" ">
    <subfield code="a">Minard, M-N</subfield>
    <subfield code="u">Annecy, LAPP</subfield>
  </datafield>
  <datafield tag="700" ind1=" " ind2=" ">
    <subfield code="a">Molina Rodriguez, J</subfield>
    <subfield code="u">Rio de Janeiro, Pont. U. Catol.</subfield>
  </datafield>
  <datafield tag="700" ind1=" " ind2=" ">
    <subfield code="a">Monteil, S</subfield>
    <subfield code="u">Clermont-Ferrand U.</subfield>
  </datafield>
  <datafield tag="700" ind1=" " ind2=" ">
    <subfield code="a">Moran, D</subfield>
    <subfield code="u">Manchester U.</subfield>
  </datafield>
  <datafield tag="700" ind1=" " ind2=" ">
    <subfield code="a">Morawski, P</subfield>
    <subfield code="u">Cracow, INP</subfield>
  </datafield>
  <datafield tag="700" ind1=" " ind2=" ">
    <subfield code="a">Mountain, R</subfield>
    <subfield code="u">Syracuse U.</subfield>
  </datafield>
  <datafield tag="700" ind1=" " ind2=" ">
    <subfield code="a">Mous, I</subfield>
    <subfield code="u">NIKHEF, Amsterdam</subfield>
  </datafield>
  <datafield tag="700" ind1=" " ind2=" ">
    <subfield code="a">Muheim, F</subfield>
    <subfield code="u">Edinburgh U.</subfield>
  </datafield>
  <datafield tag="700" ind1=" " ind2=" ">
    <subfield code="a">Müller, K</subfield>
    <subfield code="u">Zurich U.</subfield>
  </datafield>
  <datafield tag="700" ind1=" " ind2=" ">
    <subfield code="a">Muresan, R</subfield>
    <subfield code="u">Bucharest, IFIN-HH</subfield>
  </datafield>
  <datafield tag="700" ind1=" " ind2=" ">
    <subfield code="a">Muryn, B</subfield>
    <subfield code="u">AGH-UST, Cracow</subfield>
  </datafield>
  <datafield tag="700" ind1=" " ind2=" ">
    <subfield code="a">Muster, B</subfield>
    <subfield code="u">Ecole Polytechnique, Lausanne</subfield>
  </datafield>
  <datafield tag="700" ind1=" " ind2=" ">
    <subfield code="a">Mylroie-Smith, J</subfield>
    <subfield code="u">Liverpool U.</subfield>
  </datafield>
  <datafield tag="700" ind1=" " ind2=" ">
    <subfield code="a">Naik, P</subfield>
    <subfield code="u">Bristol U.</subfield>
  </datafield>
  <datafield tag="700" ind1=" " ind2=" ">
    <subfield code="a">Nakada, T</subfield>
    <subfield code="u">Ecole Polytechnique, Lausanne</subfield>
  </datafield>
  <datafield tag="700" ind1=" " ind2=" ">
    <subfield code="a">Nandakumar, R</subfield>
    <subfield code="u">Rutherford</subfield>
  </datafield>
  <datafield tag="700" ind1=" " ind2=" ">
    <subfield code="a">Nasteva, I</subfield>
    <subfield code="u">Rio de Janeiro, CBPF</subfield>
  </datafield>
  <datafield tag="700" ind1=" " ind2=" ">
    <subfield code="a">Needham, M</subfield>
    <subfield code="u">Edinburgh U.</subfield>
  </datafield>
  <datafield tag="700" ind1=" " ind2=" ">
    <subfield code="a">Neufeld, N</subfield>
    <subfield code="u">CERN</subfield>
  </datafield>
  <datafield tag="700" ind1=" " ind2=" ">
    <subfield code="a">Nguyen, A D</subfield>
    <subfield code="u">Ecole Polytechnique, Lausanne</subfield>
  </datafield>
  <datafield tag="700" ind1=" " ind2=" ">
    <subfield code="a">Nguyen-Mau, C</subfield>
    <subfield code="u">Ecole Polytechnique, Lausanne</subfield>
    <subfield code="u">Hanoi U.</subfield>
  </datafield>
  <datafield tag="700" ind1=" " ind2=" ">
    <subfield code="a">Nicol, M</subfield>
    <subfield code="u">Orsay, LAL</subfield>
  </datafield>
  <datafield tag="700" ind1=" " ind2=" ">
    <subfield code="a">Niess, V</subfield>
    <subfield code="u">Clermont-Ferrand U.</subfield>
  </datafield>
  <datafield tag="700" ind1=" " ind2=" ">
    <subfield code="a">Nikitin, N</subfield>
    <subfield code="u">SINP, Moscow</subfield>
  </datafield>
  <datafield tag="700" ind1=" " ind2=" ">
    <subfield code="a">Nikodem, T</subfield>
    <subfield code="u">Heidelberg U.</subfield>
  </datafield>
  <datafield tag="700" ind1=" " ind2=" ">
    <subfield code="a">Nomerotski, A</subfield>
    <subfield code="u">Oxford U.</subfield>
    <subfield code="u">CERN</subfield>
  </datafield>
  <datafield tag="700" ind1=" " ind2=" ">
    <subfield code="a">Novoselov, A</subfield>
    <subfield code="u">Serpukhov, IHEP</subfield>
  </datafield>
  <datafield tag="700" ind1=" " ind2=" ">
    <subfield code="a">Oblakowska-Mucha, A</subfield>
    <subfield code="u">AGH-UST, Cracow</subfield>
  </datafield>
  <datafield tag="700" ind1=" " ind2=" ">
    <subfield code="a">Obraztsov, V</subfield>
    <subfield code="u">Serpukhov, IHEP</subfield>
  </datafield>
  <datafield tag="700" ind1=" " ind2=" ">
    <subfield code="a">Oggero, S</subfield>
    <subfield code="u">NIKHEF, Amsterdam</subfield>
  </datafield>
  <datafield tag="700" ind1=" " ind2=" ">
    <subfield code="a">Ogilvy, S</subfield>
    <subfield code="u">Glasgow U.</subfield>
  </datafield>
  <datafield tag="700" ind1=" " ind2=" ">
    <subfield code="a">Okhrimenko, O</subfield>
    <subfield code="u">Kiev, INR</subfield>
  </datafield>
  <datafield tag="700" ind1=" " ind2=" ">
    <subfield code="a">Oldeman, R</subfield>
    <subfield code="u">INFN, Cagliari</subfield>
    <subfield code="u">Cagliari U.</subfield>
    <subfield code="u">CERN</subfield>
  </datafield>
  <datafield tag="700" ind1=" " ind2=" ">
    <subfield code="a">Orlandea, M</subfield>
    <subfield code="u">Bucharest, IFIN-HH</subfield>
  </datafield>
  <datafield tag="700" ind1=" " ind2=" ">
    <subfield code="a">Otalora Goicochea, J M</subfield>
    <subfield code="u">Rio de Janeiro Federal U.</subfield>
  </datafield>
  <datafield tag="700" ind1=" " ind2=" ">
    <subfield code="a">Owen, P</subfield>
    <subfield code="u">Imperial Coll., London</subfield>
  </datafield>
  <datafield tag="700" ind1=" " ind2=" ">
    <subfield code="a">Pal, B K</subfield>
    <subfield code="u">Syracuse U.</subfield>
  </datafield>
  <datafield tag="700" ind1=" " ind2=" ">
    <subfield code="a">Palano, A</subfield>
    <subfield code="u">INFN, Bari</subfield>
    <subfield code="u">Bari U.</subfield>
  </datafield>
  <datafield tag="700" ind1=" " ind2=" ">
    <subfield code="a">Palutan, M</subfield>
    <subfield code="u">Frascati</subfield>
  </datafield>
  <datafield tag="700" ind1=" " ind2=" ">
    <subfield code="a">Panman, J</subfield>
    <subfield code="u">CERN</subfield>
  </datafield>
  <datafield tag="700" ind1=" " ind2=" ">
    <subfield code="a">Papanestis, A</subfield>
    <subfield code="u">Rutherford</subfield>
  </datafield>
  <datafield tag="700" ind1=" " ind2=" ">
    <subfield code="a">Pappagallo, M</subfield>
    <subfield code="u">Glasgow U.</subfield>
  </datafield>
  <datafield tag="700" ind1=" " ind2=" ">
    <subfield code="a">Parkes, C</subfield>
    <subfield code="u">Manchester U.</subfield>
  </datafield>
  <datafield tag="700" ind1=" " ind2=" ">
    <subfield code="a">Parkinson, C J</subfield>
    <subfield code="u">Imperial Coll., London</subfield>
  </datafield>
  <datafield tag="700" ind1=" " ind2=" ">
    <subfield code="a">Passaleva, G</subfield>
    <subfield code="u">INFN, Florence</subfield>
  </datafield>
  <datafield tag="700" ind1=" " ind2=" ">
    <subfield code="a">Patel, G D</subfield>
    <subfield code="u">Liverpool U.</subfield>
  </datafield>
  <datafield tag="700" ind1=" " ind2=" ">
    <subfield code="a">Patel, M</subfield>
    <subfield code="u">Imperial Coll., London</subfield>
  </datafield>
  <datafield tag="700" ind1=" " ind2=" ">
    <subfield code="a">Patrick, G N</subfield>
    <subfield code="u">Rutherford</subfield>
  </datafield>
  <datafield tag="700" ind1=" " ind2=" ">
    <subfield code="a">Patrignani, C</subfield>
    <subfield code="u">INFN, Genoa</subfield>
    <subfield code="u">Genoa U.</subfield>
  </datafield>
  <datafield tag="700" ind1=" " ind2=" ">
    <subfield code="a">Pavel-Nicorescu, C</subfield>
    <subfield code="u">Bucharest, IFIN-HH</subfield>
  </datafield>
  <datafield tag="700" ind1=" " ind2=" ">
    <subfield code="a">Pazos Alvarez, A</subfield>
    <subfield code="u">U. Santiago de Compostela (main)</subfield>
  </datafield>
  <datafield tag="700" ind1=" " ind2=" ">
    <subfield code="a">Pellegrino, A</subfield>
    <subfield code="u">NIKHEF, Amsterdam</subfield>
  </datafield>
  <datafield tag="700" ind1=" " ind2=" ">
    <subfield code="a">Penso, G</subfield>
    <subfield code="u">INFN, Rome</subfield>
    <subfield code="u">U. Rome La Sapienza (main)</subfield>
  </datafield>
  <datafield tag="700" ind1=" " ind2=" ">
    <subfield code="a">Pepe Altarelli, M</subfield>
    <subfield code="u">CERN</subfield>
  </datafield>
  <datafield tag="700" ind1=" " ind2=" ">
    <subfield code="a">Perazzini, S</subfield>
    <subfield code="u">INFN, Bologna</subfield>
    <subfield code="u">Bologna U.</subfield>
  </datafield>
  <datafield tag="700" ind1=" " ind2=" ">
    <subfield code="a">Perego, D L</subfield>
    <subfield code="u">INFN, Milan Bicocca</subfield>
    <subfield code="u">Milan Bicocca U.</subfield>
  </datafield>
  <datafield tag="700" ind1=" " ind2=" ">
    <subfield code="a">Perez Trigo, E</subfield>
    <subfield code="u">U. Santiago de Compostela (main)</subfield>
  </datafield>
  <datafield tag="700" ind1=" " ind2=" ">
    <subfield code="a">Pérez-Calero Yzquierdo, A</subfield>
    <subfield code="u">U. Barcelona (main)</subfield>
  </datafield>
  <datafield tag="700" ind1=" " ind2=" ">
    <subfield code="a">Perret, P</subfield>
    <subfield code="u">Clermont-Ferrand U.</subfield>
  </datafield>
  <datafield tag="700" ind1=" " ind2=" ">
    <subfield code="a">Perrin-Terrin, M</subfield>
    <subfield code="u">Marseille, CPPM</subfield>
  </datafield>
  <datafield tag="700" ind1=" " ind2=" ">
    <subfield code="a">Pessina, G</subfield>
    <subfield code="u">INFN, Milan Bicocca</subfield>
  </datafield>
  <datafield tag="700" ind1=" " ind2=" ">
    <subfield code="a">Petrolini, A</subfield>
    <subfield code="u">INFN, Genoa</subfield>
    <subfield code="u">Genoa U.</subfield>
  </datafield>
  <datafield tag="700" ind1=" " ind2=" ">
    <subfield code="a">Phan, A</subfield>
    <subfield code="u">Syracuse U.</subfield>
  </datafield>
  <datafield tag="700" ind1=" " ind2=" ">
    <subfield code="a">Picatoste Olloqui, E</subfield>
    <subfield code="u">U. Barcelona (main)</subfield>
  </datafield>
  <datafield tag="700" ind1=" " ind2=" ">
    <subfield code="a">Pie Valls, B</subfield>
    <subfield code="u">U. Barcelona (main)</subfield>
  </datafield>
  <datafield tag="700" ind1=" " ind2=" ">
    <subfield code="a">Pietrzyk, B</subfield>
    <subfield code="u">Annecy, LAPP</subfield>
  </datafield>
  <datafield tag="700" ind1=" " ind2=" ">
    <subfield code="a">Pilař, T</subfield>
    <subfield code="u">Warwick U.</subfield>
  </datafield>
  <datafield tag="700" ind1=" " ind2=" ">
    <subfield code="a">Pinci, D</subfield>
    <subfield code="u">INFN, Rome</subfield>
  </datafield>
  <datafield tag="700" ind1=" " ind2=" ">
    <subfield code="a">Playfer, S</subfield>
    <subfield code="u">Edinburgh U.</subfield>
  </datafield>
  <datafield tag="700" ind1=" " ind2=" ">
    <subfield code="a">Plo Casasus, M</subfield>
    <subfield code="u">U. Santiago de Compostela (main)</subfield>
  </datafield>
  <datafield tag="700" ind1=" " ind2=" ">
    <subfield code="a">Polci, F</subfield>
    <subfield code="u">Paris U., VI-VII</subfield>
  </datafield>
  <datafield tag="700" ind1=" " ind2=" ">
    <subfield code="a">Polok, G</subfield>
    <subfield code="u">Cracow, INP</subfield>
  </datafield>
  <datafield tag="700" ind1=" " ind2=" ">
    <subfield code="a">Poluektov, A</subfield>
    <subfield code="u">Warwick U.</subfield>
    <subfield code="u">Novosibirsk, IYF</subfield>
  </datafield>
  <datafield tag="700" ind1=" " ind2=" ">
    <subfield code="a">Polycarpo, E</subfield>
    <subfield code="u">Rio de Janeiro Federal U.</subfield>
  </datafield>
  <datafield tag="700" ind1=" " ind2=" ">
    <subfield code="a">Popov, D</subfield>
    <subfield code="u">Heidelberg, Max Planck Inst.</subfield>
  </datafield>
  <datafield tag="700" ind1=" " ind2=" ">
    <subfield code="a">Popovici, B</subfield>
    <subfield code="u">Bucharest, IFIN-HH</subfield>
  </datafield>
  <datafield tag="700" ind1=" " ind2=" ">
    <subfield code="a">Potterat, C</subfield>
    <subfield code="u">U. Barcelona (main)</subfield>
  </datafield>
  <datafield tag="700" ind1=" " ind2=" ">
    <subfield code="a">Powell, A</subfield>
    <subfield code="u">Oxford U.</subfield>
  </datafield>
  <datafield tag="700" ind1=" " ind2=" ">
    <subfield code="a">Prisciandaro, J</subfield>
    <subfield code="u">Ecole Polytechnique, Lausanne</subfield>
  </datafield>
  <datafield tag="700" ind1=" " ind2=" ">
    <subfield code="a">Pugatch, V</subfield>
    <subfield code="u">Kiev, INR</subfield>
  </datafield>
  <datafield tag="700" ind1=" " ind2=" ">
    <subfield code="a">Puig Navarro, A</subfield>
    <subfield code="u">U. Barcelona (main)</subfield>
  </datafield>
  <datafield tag="700" ind1=" " ind2=" ">
    <subfield code="a">Qian, W</subfield>
    <subfield code="u">Peking U., CHEP</subfield>
  </datafield>
  <datafield tag="700" ind1=" " ind2=" ">
    <subfield code="a">Rademacker, J H</subfield>
    <subfield code="u">Bristol U.</subfield>
  </datafield>
  <datafield tag="700" ind1=" " ind2=" ">
    <subfield code="a">Rakotomiaramanana, B</subfield>
    <subfield code="u">Ecole Polytechnique, Lausanne</subfield>
  </datafield>
  <datafield tag="700" ind1=" " ind2=" ">
    <subfield code="a">Rangel, M S</subfield>
    <subfield code="u">Rio de Janeiro Federal U.</subfield>
  </datafield>
  <datafield tag="700" ind1=" " ind2=" ">
    <subfield code="a">Raniuk, I</subfield>
    <subfield code="u">Kharkov, KIPT</subfield>
  </datafield>
  <datafield tag="700" ind1=" " ind2=" ">
    <subfield code="a">Rauschmayr, N</subfield>
    <subfield code="u">CERN</subfield>
  </datafield>
  <datafield tag="700" ind1=" " ind2=" ">
    <subfield code="a">Raven, G</subfield>
    <subfield code="u">NIKHEF, Amsterdam</subfield>
    <subfield code="u">Vrije U., Amsterdam</subfield>
  </datafield>
  <datafield tag="700" ind1=" " ind2=" ">
    <subfield code="a">Redford, S</subfield>
    <subfield code="u">Oxford U.</subfield>
  </datafield>
  <datafield tag="700" ind1=" " ind2=" ">
    <subfield code="a">Reid, M M</subfield>
    <subfield code="u">Warwick U.</subfield>
  </datafield>
  <datafield tag="700" ind1=" " ind2=" ">
    <subfield code="a">dos Reis, A C</subfield>
    <subfield code="u">Rio de Janeiro, CBPF</subfield>
  </datafield>
  <datafield tag="700" ind1=" " ind2=" ">
    <subfield code="a">Ricciardi, S</subfield>
    <subfield code="u">Rutherford</subfield>
  </datafield>
  <datafield tag="700" ind1=" " ind2=" ">
    <subfield code="a">Richards, A</subfield>
    <subfield code="u">Imperial Coll., London</subfield>
  </datafield>
  <datafield tag="700" ind1=" " ind2=" ">
    <subfield code="a">Rinnert, K</subfield>
    <subfield code="u">Liverpool U.</subfield>
  </datafield>
  <datafield tag="700" ind1=" " ind2=" ">
    <subfield code="a">Roa Romero, D A</subfield>
    <subfield code="u">Clermont-Ferrand U.</subfield>
  </datafield>
  <datafield tag="700" ind1=" " ind2=" ">
    <subfield code="a">Robbe, P</subfield>
    <subfield code="u">Orsay, LAL</subfield>
  </datafield>
  <datafield tag="700" ind1=" " ind2=" ">
    <subfield code="a">Rodrigues, E</subfield>
    <subfield code="u">Glasgow U.</subfield>
    <subfield code="u">Manchester U.</subfield>
  </datafield>
  <datafield tag="700" ind1=" " ind2=" ">
    <subfield code="a">Rodriguez Perez, P</subfield>
    <subfield code="u">U. Santiago de Compostela (main)</subfield>
  </datafield>
  <datafield tag="700" ind1=" " ind2=" ">
    <subfield code="a">Rogers, G J</subfield>
    <subfield code="u">Cambridge U.</subfield>
  </datafield>
  <datafield tag="700" ind1=" " ind2=" ">
    <subfield code="a">Roiser, S</subfield>
    <subfield code="u">CERN</subfield>
  </datafield>
  <datafield tag="700" ind1=" " ind2=" ">
    <subfield code="a">Romanovsky, V</subfield>
    <subfield code="u">Serpukhov, IHEP</subfield>
  </datafield>
  <datafield tag="700" ind1=" " ind2=" ">
    <subfield code="a">Romero Vidal, A</subfield>
    <subfield code="u">U. Santiago de Compostela (main)</subfield>
  </datafield>
  <datafield tag="700" ind1=" " ind2=" ">
    <subfield code="a">Rosello, M</subfield>
    <subfield code="u">U. Barcelona (main)</subfield>
    <subfield code="u">Ramon Llull U., Barcelona</subfield>
  </datafield>
  <datafield tag="700" ind1=" " ind2=" ">
    <subfield code="a">Rouvinet, J</subfield>
    <subfield code="u">Ecole Polytechnique, Lausanne</subfield>
  </datafield>
  <datafield tag="700" ind1=" " ind2=" ">
    <subfield code="a">Ruf, T</subfield>
    <subfield code="u">CERN</subfield>
  </datafield>
  <datafield tag="700" ind1=" " ind2=" ">
    <subfield code="a">Ruiz, H</subfield>
    <subfield code="u">U. Barcelona (main)</subfield>
  </datafield>
  <datafield tag="700" ind1=" " ind2=" ">
    <subfield code="a">Sabatino, G</subfield>
    <subfield code="u">INFN, Rome2</subfield>
    <subfield code="u">Rome U.,Tor Vergata</subfield>
  </datafield>
  <datafield tag="700" ind1=" " ind2=" ">
    <subfield code="a">Saborido Silva, J J</subfield>
    <subfield code="u">U. Santiago de Compostela (main)</subfield>
  </datafield>
  <datafield tag="700" ind1=" " ind2=" ">
    <subfield code="a">Sagidova, N</subfield>
    <subfield code="u">St. Petersburg, INP</subfield>
  </datafield>
  <datafield tag="700" ind1=" " ind2=" ">
    <subfield code="a">Sail, P</subfield>
    <subfield code="u">Glasgow U.</subfield>
  </datafield>
  <datafield tag="700" ind1=" " ind2=" ">
    <subfield code="a">Saitta, B</subfield>
    <subfield code="u">INFN, Cagliari</subfield>
    <subfield code="u">Cagliari U.</subfield>
  </datafield>
  <datafield tag="700" ind1=" " ind2=" ">
    <subfield code="a">Salzmann, C</subfield>
    <subfield code="u">Zurich U.</subfield>
  </datafield>
  <datafield tag="700" ind1=" " ind2=" ">
    <subfield code="a">Sanmartin Sedes, B</subfield>
    <subfield code="u">U. Santiago de Compostela (main)</subfield>
  </datafield>
  <datafield tag="700" ind1=" " ind2=" ">
    <subfield code="a">Sannino, M</subfield>
    <subfield code="u">INFN, Genoa</subfield>
    <subfield code="u">Genoa U.</subfield>
  </datafield>
  <datafield tag="700" ind1=" " ind2=" ">
    <subfield code="a">Santacesaria, R</subfield>
    <subfield code="u">INFN, Rome</subfield>
  </datafield>
  <datafield tag="700" ind1=" " ind2=" ">
    <subfield code="a">Santamarina Rios, C</subfield>
    <subfield code="u">U. Santiago de Compostela (main)</subfield>
  </datafield>
  <datafield tag="700" ind1=" " ind2=" ">
    <subfield code="a">Santinelli, R</subfield>
    <subfield code="u">CERN</subfield>
  </datafield>
  <datafield tag="700" ind1=" " ind2=" ">
    <subfield code="a">Santovetti, E</subfield>
    <subfield code="u">INFN, Rome2</subfield>
    <subfield code="u">Rome U.,Tor Vergata</subfield>
  </datafield>
  <datafield tag="700" ind1=" " ind2=" ">
    <subfield code="a">Sapunov, M</subfield>
    <subfield code="u">Marseille, CPPM</subfield>
  </datafield>
  <datafield tag="700" ind1=" " ind2=" ">
    <subfield code="a">Sarti, A</subfield>
    <subfield code="u">Frascati</subfield>
    <subfield code="u">U. Rome La Sapienza (main)</subfield>
  </datafield>
  <datafield tag="700" ind1=" " ind2=" ">
    <subfield code="a">Satriano, C</subfield>
    <subfield code="u">INFN, Rome</subfield>
    <subfield code="u">Basilicata U., Potenza</subfield>
  </datafield>
  <datafield tag="700" ind1=" " ind2=" ">
    <subfield code="a">Satta, A</subfield>
    <subfield code="u">INFN, Rome2</subfield>
  </datafield>
  <datafield tag="700" ind1=" " ind2=" ">
    <subfield code="a">Savrie, M</subfield>
    <subfield code="u">INFN, Ferrara</subfield>
    <subfield code="u">Ferrara U.</subfield>
  </datafield>
  <datafield tag="700" ind1=" " ind2=" ">
    <subfield code="a">Savrina, D</subfield>
    <subfield code="u">Moscow, ITEP</subfield>
  </datafield>
  <datafield tag="700" ind1=" " ind2=" ">
    <subfield code="a">Schaack, P</subfield>
    <subfield code="u">Imperial Coll., London</subfield>
  </datafield>
  <datafield tag="700" ind1=" " ind2=" ">
    <subfield code="a">Schiller, M</subfield>
    <subfield code="u">NIKHEF, Amsterdam</subfield>
    <subfield code="u">Vrije U., Amsterdam</subfield>
  </datafield>
  <datafield tag="700" ind1=" " ind2=" ">
    <subfield code="a">Schindler, H</subfield>
    <subfield code="u">CERN</subfield>
  </datafield>
  <datafield tag="700" ind1=" " ind2=" ">
    <subfield code="a">Schleich, S</subfield>
    <subfield code="u">Tech. U., Dortmund (main)</subfield>
  </datafield>
  <datafield tag="700" ind1=" " ind2=" ">
    <subfield code="a">Schlupp, M</subfield>
    <subfield code="u">Tech. U., Dortmund (main)</subfield>
  </datafield>
  <datafield tag="700" ind1=" " ind2=" ">
    <subfield code="a">Schmelling, M</subfield>
    <subfield code="u">Heidelberg, Max Planck Inst.</subfield>
  </datafield>
  <datafield tag="700" ind1=" " ind2=" ">
    <subfield code="a">Schmidt, B</subfield>
    <subfield code="u">CERN</subfield>
  </datafield>
  <datafield tag="700" ind1=" " ind2=" ">
    <subfield code="a">Schneider, O</subfield>
    <subfield code="u">Ecole Polytechnique, Lausanne</subfield>
  </datafield>
  <datafield tag="700" ind1=" " ind2=" ">
    <subfield code="a">Schopper, A</subfield>
    <subfield code="u">CERN</subfield>
  </datafield>
  <datafield tag="700" ind1=" " ind2=" ">
    <subfield code="a">Schune, M-H</subfield>
    <subfield code="u">Orsay, LAL</subfield>
  </datafield>
  <datafield tag="700" ind1=" " ind2=" ">
    <subfield code="a">Schwemmer, R</subfield>
    <subfield code="u">CERN</subfield>
  </datafield>
  <datafield tag="700" ind1=" " ind2=" ">
    <subfield code="a">Sciascia, B</subfield>
    <subfield code="u">Frascati</subfield>
  </datafield>
  <datafield tag="700" ind1=" " ind2=" ">
    <subfield code="a">Sciubba, A</subfield>
    <subfield code="u">Frascati</subfield>
    <subfield code="u">U. Rome La Sapienza (main)</subfield>
  </datafield>
  <datafield tag="700" ind1=" " ind2=" ">
    <subfield code="a">Seco, M</subfield>
    <subfield code="u">U. Santiago de Compostela (main)</subfield>
  </datafield>
  <datafield tag="700" ind1=" " ind2=" ">
    <subfield code="a">Semennikov, A</subfield>
    <subfield code="u">Moscow, ITEP</subfield>
  </datafield>
  <datafield tag="700" ind1=" " ind2=" ">
    <subfield code="a">Senderowska, K</subfield>
    <subfield code="u">AGH-UST, Cracow</subfield>
  </datafield>
  <datafield tag="700" ind1=" " ind2=" ">
    <subfield code="a">Sepp, I</subfield>
    <subfield code="u">Imperial Coll., London</subfield>
  </datafield>
  <datafield tag="700" ind1=" " ind2=" ">
    <subfield code="a">Serra, N</subfield>
    <subfield code="u">Zurich U.</subfield>
  </datafield>
  <datafield tag="700" ind1=" " ind2=" ">
    <subfield code="a">Serrano, J</subfield>
    <subfield code="u">Marseille, CPPM</subfield>
  </datafield>
  <datafield tag="700" ind1=" " ind2=" ">
    <subfield code="a">Seyfert, P</subfield>
    <subfield code="u">Heidelberg U.</subfield>
  </datafield>
  <datafield tag="700" ind1=" " ind2=" ">
    <subfield code="a">Shapkin, M</subfield>
    <subfield code="u">Serpukhov, IHEP</subfield>
  </datafield>
  <datafield tag="700" ind1=" " ind2=" ">
    <subfield code="a">Shapoval, I</subfield>
    <subfield code="u">Kharkov, KIPT</subfield>
    <subfield code="u">CERN</subfield>
  </datafield>
  <datafield tag="700" ind1=" " ind2=" ">
    <subfield code="a">Shatalov, P</subfield>
    <subfield code="u">Moscow, ITEP</subfield>
  </datafield>
  <datafield tag="700" ind1=" " ind2=" ">
    <subfield code="a">Shcheglov, Y</subfield>
    <subfield code="u">St. Petersburg, INP</subfield>
  </datafield>
  <datafield tag="700" ind1=" " ind2=" ">
    <subfield code="a">Shears, T</subfield>
    <subfield code="u">Liverpool U.</subfield>
  </datafield>
  <datafield tag="700" ind1=" " ind2=" ">
    <subfield code="a">Shekhtman, L</subfield>
    <subfield code="u">Novosibirsk, IYF</subfield>
  </datafield>
  <datafield tag="700" ind1=" " ind2=" ">
    <subfield code="a">Shevchenko, O</subfield>
    <subfield code="u">Kharkov, KIPT</subfield>
  </datafield>
  <datafield tag="700" ind1=" " ind2=" ">
    <subfield code="a">Shevchenko, V</subfield>
    <subfield code="u">Moscow, ITEP</subfield>
  </datafield>
  <datafield tag="700" ind1=" " ind2=" ">
    <subfield code="a">Shires, A</subfield>
    <subfield code="u">Imperial Coll., London</subfield>
  </datafield>
  <datafield tag="700" ind1=" " ind2=" ">
    <subfield code="a">Silva Coutinho, R</subfield>
    <subfield code="u">Warwick U.</subfield>
  </datafield>
  <datafield tag="700" ind1=" " ind2=" ">
    <subfield code="a">Skwarnicki, T</subfield>
    <subfield code="u">Syracuse U.</subfield>
  </datafield>
  <datafield tag="700" ind1=" " ind2=" ">
    <subfield code="a">Smith, N A</subfield>
    <subfield code="u">Liverpool U.</subfield>
  </datafield>
  <datafield tag="700" ind1=" " ind2=" ">
    <subfield code="a">Smith, E</subfield>
    <subfield code="u">Oxford U.</subfield>
    <subfield code="u">Rutherford</subfield>
  </datafield>
  <datafield tag="700" ind1=" " ind2=" ">
    <subfield code="a">Smith, M</subfield>
    <subfield code="u">Manchester U.</subfield>
  </datafield>
  <datafield tag="700" ind1=" " ind2=" ">
    <subfield code="a">Sobczak, K</subfield>
    <subfield code="u">Clermont-Ferrand U.</subfield>
  </datafield>
  <datafield tag="700" ind1=" " ind2=" ">
    <subfield code="a">Soler, F J P</subfield>
    <subfield code="u">Glasgow U.</subfield>
  </datafield>
  <datafield tag="700" ind1=" " ind2=" ">
    <subfield code="a">Solomin, A</subfield>
    <subfield code="u">Bristol U.</subfield>
  </datafield>
  <datafield tag="700" ind1=" " ind2=" ">
    <subfield code="a">Soomro, F</subfield>
    <subfield code="u">Frascati</subfield>
    <subfield code="u">CERN</subfield>
  </datafield>
  <datafield tag="700" ind1=" " ind2=" ">
    <subfield code="a">Souza, D</subfield>
    <subfield code="u">Bristol U.</subfield>
  </datafield>
  <datafield tag="700" ind1=" " ind2=" ">
    <subfield code="a">Souza De Paula, B</subfield>
    <subfield code="u">Rio de Janeiro Federal U.</subfield>
  </datafield>
  <datafield tag="700" ind1=" " ind2=" ">
    <subfield code="a">Spaan, B</subfield>
    <subfield code="u">Tech. U., Dortmund (main)</subfield>
  </datafield>
  <datafield tag="700" ind1=" " ind2=" ">
    <subfield code="a">Sparkes, A</subfield>
    <subfield code="u">Edinburgh U.</subfield>
  </datafield>
  <datafield tag="700" ind1=" " ind2=" ">
    <subfield code="a">Spradlin, P</subfield>
    <subfield code="u">Glasgow U.</subfield>
  </datafield>
  <datafield tag="700" ind1=" " ind2=" ">
    <subfield code="a">Stagni, F</subfield>
    <subfield code="u">CERN</subfield>
  </datafield>
  <datafield tag="700" ind1=" " ind2=" ">
    <subfield code="a">Stahl, S</subfield>
    <subfield code="u">Heidelberg U.</subfield>
  </datafield>
  <datafield tag="700" ind1=" " ind2=" ">
    <subfield code="a">Steinkamp, O</subfield>
    <subfield code="u">Zurich U.</subfield>
  </datafield>
  <datafield tag="700" ind1=" " ind2=" ">
    <subfield code="a">Stoica, S</subfield>
    <subfield code="u">Bucharest, IFIN-HH</subfield>
  </datafield>
  <datafield tag="700" ind1=" " ind2=" ">
    <subfield code="a">Stone, S</subfield>
    <subfield code="u">Syracuse U.</subfield>
  </datafield>
  <datafield tag="700" ind1=" " ind2=" ">
    <subfield code="a">Storaci, B</subfield>
    <subfield code="u">NIKHEF, Amsterdam</subfield>
  </datafield>
  <datafield tag="700" ind1=" " ind2=" ">
    <subfield code="a">Straticiuc, M</subfield>
    <subfield code="u">Bucharest, IFIN-HH</subfield>
  </datafield>
  <datafield tag="700" ind1=" " ind2=" ">
    <subfield code="a">Straumann, U</subfield>
    <subfield code="u">Zurich U.</subfield>
  </datafield>
  <datafield tag="700" ind1=" " ind2=" ">
    <subfield code="a">Subbiah, V K</subfield>
    <subfield code="u">CERN</subfield>
  </datafield>
  <datafield tag="700" ind1=" " ind2=" ">
    <subfield code="a">Swientek, S</subfield>
    <subfield code="u">Tech. U., Dortmund (main)</subfield>
  </datafield>
  <datafield tag="700" ind1=" " ind2=" ">
    <subfield code="a">Szczekowski, M</subfield>
    <subfield code="u">Warsaw, Inst. Nucl. Studies</subfield>
  </datafield>
  <datafield tag="700" ind1=" " ind2=" ">
    <subfield code="a">Szczypka, P</subfield>
    <subfield code="u">Ecole Polytechnique, Lausanne</subfield>
    <subfield code="u">CERN</subfield>
  </datafield>
  <datafield tag="700" ind1=" " ind2=" ">
    <subfield code="a">Szumlak, T</subfield>
    <subfield code="u">AGH-UST, Cracow</subfield>
  </datafield>
  <datafield tag="700" ind1=" " ind2=" ">
    <subfield code="a">T'Jampens, S</subfield>
    <subfield code="u">Annecy, LAPP</subfield>
  </datafield>
  <datafield tag="700" ind1=" " ind2=" ">
    <subfield code="a">Teklishyn, M</subfield>
    <subfield code="u">Orsay, LAL</subfield>
  </datafield>
  <datafield tag="700" ind1=" " ind2=" ">
    <subfield code="a">Teodorescu, E</subfield>
    <subfield code="u">Bucharest, IFIN-HH</subfield>
  </datafield>
  <datafield tag="700" ind1=" " ind2=" ">
    <subfield code="a">Teubert, F</subfield>
    <subfield code="u">CERN</subfield>
  </datafield>
  <datafield tag="700" ind1=" " ind2=" ">
    <subfield code="a">Thomas, C</subfield>
    <subfield code="u">Oxford U.</subfield>
  </datafield>
  <datafield tag="700" ind1=" " ind2=" ">
    <subfield code="a">Thomas, E</subfield>
    <subfield code="u">CERN</subfield>
  </datafield>
  <datafield tag="700" ind1=" " ind2=" ">
    <subfield code="a">van Tilburg, J</subfield>
    <subfield code="u">Heidelberg U.</subfield>
  </datafield>
  <datafield tag="700" ind1=" " ind2=" ">
    <subfield code="a">Tisserand, V</subfield>
    <subfield code="u">Annecy, LAPP</subfield>
  </datafield>
  <datafield tag="700" ind1=" " ind2=" ">
    <subfield code="a">Tobin, M</subfield>
    <subfield code="u">Zurich U.</subfield>
  </datafield>
  <datafield tag="700" ind1=" " ind2=" ">
    <subfield code="a">Tolk, S</subfield>
    <subfield code="u">NIKHEF, Amsterdam</subfield>
    <subfield code="u">Vrije U., Amsterdam</subfield>
  </datafield>
  <datafield tag="700" ind1=" " ind2=" ">
    <subfield code="a">Topp-Joergensen, S</subfield>
    <subfield code="u">Oxford U.</subfield>
  </datafield>
  <datafield tag="700" ind1=" " ind2=" ">
    <subfield code="a">Torr, N</subfield>
    <subfield code="u">Oxford U.</subfield>
  </datafield>
  <datafield tag="700" ind1=" " ind2=" ">
    <subfield code="a">Tournefier, E</subfield>
    <subfield code="u">Annecy, LAPP</subfield>
    <subfield code="u">Imperial Coll., London</subfield>
  </datafield>
  <datafield tag="700" ind1=" " ind2=" ">
    <subfield code="a">Tourneur, S</subfield>
    <subfield code="u">Ecole Polytechnique, Lausanne</subfield>
  </datafield>
  <datafield tag="700" ind1=" " ind2=" ">
    <subfield code="a">Tran, M T</subfield>
    <subfield code="u">Ecole Polytechnique, Lausanne</subfield>
  </datafield>
  <datafield tag="700" ind1=" " ind2=" ">
    <subfield code="a">Tsaregorodtsev, A</subfield>
    <subfield code="u">Marseille, CPPM</subfield>
  </datafield>
  <datafield tag="700" ind1=" " ind2=" ">
    <subfield code="a">Tuning, N</subfield>
    <subfield code="u">NIKHEF, Amsterdam</subfield>
  </datafield>
  <datafield tag="700" ind1=" " ind2=" ">
    <subfield code="a">Ubeda Garcia, M</subfield>
    <subfield code="u">CERN</subfield>
  </datafield>
  <datafield tag="700" ind1=" " ind2=" ">
    <subfield code="a">Ukleja, A</subfield>
    <subfield code="u">Warsaw, Inst. Nucl. Studies</subfield>
  </datafield>
  <datafield tag="700" ind1=" " ind2=" ">
    <subfield code="a">Uwer, U</subfield>
    <subfield code="u">Heidelberg U.</subfield>
  </datafield>
  <datafield tag="700" ind1=" " ind2=" ">
    <subfield code="a">Vagnoni, V</subfield>
    <subfield code="u">INFN, Bologna</subfield>
  </datafield>
  <datafield tag="700" ind1=" " ind2=" ">
    <subfield code="a">Valenti, G</subfield>
    <subfield code="u">INFN, Bologna</subfield>
  </datafield>
  <datafield tag="700" ind1=" " ind2=" ">
    <subfield code="a">Vazquez Gomez, R</subfield>
    <subfield code="u">U. Barcelona (main)</subfield>
  </datafield>
  <datafield tag="700" ind1=" " ind2=" ">
    <subfield code="a">Vazquez Regueiro, P</subfield>
    <subfield code="u">U. Santiago de Compostela (main)</subfield>
  </datafield>
  <datafield tag="700" ind1=" " ind2=" ">
    <subfield code="a">Vecchi, S</subfield>
    <subfield code="u">INFN, Ferrara</subfield>
  </datafield>
  <datafield tag="700" ind1=" " ind2=" ">
    <subfield code="a">Velthuis, J J</subfield>
    <subfield code="u">Bristol U.</subfield>
  </datafield>
  <datafield tag="700" ind1=" " ind2=" ">
    <subfield code="a">Veltri, M</subfield>
    <subfield code="u">INFN, Florence</subfield>
    <subfield code="u">U. Urbino (main)</subfield>
  </datafield>
  <datafield tag="700" ind1=" " ind2=" ">
    <subfield code="a">Veneziano, G</subfield>
    <subfield code="u">Ecole Polytechnique, Lausanne</subfield>
  </datafield>
  <datafield tag="700" ind1=" " ind2=" ">
    <subfield code="a">Vesterinen, M</subfield>
    <subfield code="u">CERN</subfield>
  </datafield>
  <datafield tag="700" ind1=" " ind2=" ">
    <subfield code="a">Viaud, B</subfield>
    <subfield code="u">Orsay, LAL</subfield>
  </datafield>
  <datafield tag="700" ind1=" " ind2=" ">
    <subfield code="a">Videau, I</subfield>
    <subfield code="u">Orsay, LAL</subfield>
  </datafield>
  <datafield tag="700" ind1=" " ind2=" ">
    <subfield code="a">Vieira, D</subfield>
    <subfield code="u">Rio de Janeiro Federal U.</subfield>
  </datafield>
  <datafield tag="700" ind1=" " ind2=" ">
    <subfield code="a">Vilasis-Cardona, X</subfield>
    <subfield code="u">U. Barcelona (main)</subfield>
    <subfield code="u">Ramon Llull U., Barcelona</subfield>
  </datafield>
  <datafield tag="700" ind1=" " ind2=" ">
    <subfield code="a">Visniakov, J</subfield>
    <subfield code="u">U. Santiago de Compostela (main)</subfield>
  </datafield>
  <datafield tag="700" ind1=" " ind2=" ">
    <subfield code="a">Vollhardt, A</subfield>
    <subfield code="u">Zurich U.</subfield>
  </datafield>
  <datafield tag="700" ind1=" " ind2=" ">
    <subfield code="a">Volyanskyy, D</subfield>
    <subfield code="u">Heidelberg, Max Planck Inst.</subfield>
  </datafield>
  <datafield tag="700" ind1=" " ind2=" ">
    <subfield code="a">Voong, D</subfield>
    <subfield code="u">Bristol U.</subfield>
  </datafield>
  <datafield tag="700" ind1=" " ind2=" ">
    <subfield code="a">Vorobyev, A</subfield>
    <subfield code="u">St. Petersburg, INP</subfield>
  </datafield>
  <datafield tag="700" ind1=" " ind2=" ">
    <subfield code="a">Vorobyev, V</subfield>
    <subfield code="u">Novosibirsk, IYF</subfield>
  </datafield>
  <datafield tag="700" ind1=" " ind2=" ">
    <subfield code="a">Voß, C</subfield>
    <subfield code="u">Rostock U.</subfield>
  </datafield>
  <datafield tag="700" ind1=" " ind2=" ">
    <subfield code="a">Voss, H</subfield>
    <subfield code="u">Heidelberg, Max Planck Inst.</subfield>
  </datafield>
  <datafield tag="700" ind1=" " ind2=" ">
    <subfield code="a">Waldi, R</subfield>
    <subfield code="u">Rostock U.</subfield>
  </datafield>
  <datafield tag="700" ind1=" " ind2=" ">
    <subfield code="a">Wallace, R</subfield>
    <subfield code="u">University Coll., Dublin</subfield>
  </datafield>
  <datafield tag="700" ind1=" " ind2=" ">
    <subfield code="a">Wandernoth, S</subfield>
    <subfield code="u">Heidelberg U.</subfield>
  </datafield>
  <datafield tag="700" ind1=" " ind2=" ">
    <subfield code="a">Wang, J</subfield>
    <subfield code="u">Syracuse U.</subfield>
  </datafield>
  <datafield tag="700" ind1=" " ind2=" ">
    <subfield code="a">Ward, D R</subfield>
    <subfield code="u">Cambridge U.</subfield>
  </datafield>
  <datafield tag="700" ind1=" " ind2=" ">
    <subfield code="a">Watson, N K</subfield>
    <subfield code="u">Birmingham U.</subfield>
  </datafield>
  <datafield tag="700" ind1=" " ind2=" ">
    <subfield code="a">Webber, A D</subfield>
    <subfield code="u">Manchester U.</subfield>
  </datafield>
  <datafield tag="700" ind1=" " ind2=" ">
    <subfield code="a">Websdale, D</subfield>
    <subfield code="u">Imperial Coll., London</subfield>
  </datafield>
  <datafield tag="700" ind1=" " ind2=" ">
    <subfield code="a">Whitehead, M</subfield>
    <subfield code="u">Warwick U.</subfield>
  </datafield>
  <datafield tag="700" ind1=" " ind2=" ">
    <subfield code="a">Wicht, J</subfield>
    <subfield code="u">CERN</subfield>
  </datafield>
  <datafield tag="700" ind1=" " ind2=" ">
    <subfield code="a">Wiedner, D</subfield>
    <subfield code="u">Heidelberg U.</subfield>
  </datafield>
  <datafield tag="700" ind1=" " ind2=" ">
    <subfield code="a">Wiggers, L</subfield>
    <subfield code="u">NIKHEF, Amsterdam</subfield>
  </datafield>
  <datafield tag="700" ind1=" " ind2=" ">
    <subfield code="a">Wilkinson, G</subfield>
    <subfield code="u">Oxford U.</subfield>
  </datafield>
  <datafield tag="700" ind1=" " ind2=" ">
    <subfield code="a">Williams, M P</subfield>
    <subfield code="u">Warwick U.</subfield>
    <subfield code="u">Rutherford</subfield>
  </datafield>
  <datafield tag="700" ind1=" " ind2=" ">
    <subfield code="a">Williams, M</subfield>
    <subfield code="u">Imperial Coll., London</subfield>
  </datafield>
  <datafield tag="700" ind1=" " ind2=" ">
    <subfield code="a">Wilson, F F</subfield>
    <subfield code="u">Rutherford</subfield>
  </datafield>
  <datafield tag="700" ind1=" " ind2=" ">
    <subfield code="a">Wishahi, J</subfield>
    <subfield code="u">Tech. U., Dortmund (main)</subfield>
  </datafield>
  <datafield tag="700" ind1=" " ind2=" ">
    <subfield code="a">Witek, M</subfield>
    <subfield code="u">Cracow, INP</subfield>
  </datafield>
  <datafield tag="700" ind1=" " ind2=" ">
    <subfield code="a">Witzeling, W</subfield>
    <subfield code="u">CERN</subfield>
  </datafield>
  <datafield tag="700" ind1=" " ind2=" ">
    <subfield code="a">Wotton, S A</subfield>
    <subfield code="u">Cambridge U.</subfield>
  </datafield>
  <datafield tag="700" ind1=" " ind2=" ">
    <subfield code="a">Wright, S</subfield>
    <subfield code="u">Cambridge U.</subfield>
  </datafield>
  <datafield tag="700" ind1=" " ind2=" ">
    <subfield code="a">Wu, S</subfield>
    <subfield code="u">Peking U., CHEP</subfield>
  </datafield>
  <datafield tag="700" ind1=" " ind2=" ">
    <subfield code="a">Wyllie, K</subfield>
    <subfield code="u">CERN</subfield>
  </datafield>
  <datafield tag="700" ind1=" " ind2=" ">
    <subfield code="a">Xie, Y</subfield>
    <subfield code="u">Edinburgh U.</subfield>
  </datafield>
  <datafield tag="700" ind1=" " ind2=" ">
    <subfield code="a">Xing, F</subfield>
    <subfield code="u">Oxford U.</subfield>
  </datafield>
  <datafield tag="700" ind1=" " ind2=" ">
    <subfield code="a">Xing, Z</subfield>
    <subfield code="u">Syracuse U.</subfield>
  </datafield>
  <datafield tag="700" ind1=" " ind2=" ">
    <subfield code="a">Yang, Z</subfield>
    <subfield code="u">Peking U., CHEP</subfield>
  </datafield>
  <datafield tag="700" ind1=" " ind2=" ">
    <subfield code="a">Young, R</subfield>
    <subfield code="u">Edinburgh U.</subfield>
  </datafield>
  <datafield tag="700" ind1=" " ind2=" ">
    <subfield code="a">Yuan, X</subfield>
    <subfield code="u">Peking U., CHEP</subfield>
  </datafield>
  <datafield tag="700" ind1=" " ind2=" ">
    <subfield code="a">Yushchenko, O</subfield>
    <subfield code="u">Serpukhov, IHEP</subfield>
  </datafield>
  <datafield tag="700" ind1=" " ind2=" ">
    <subfield code="a">Zangoli, M</subfield>
    <subfield code="u">INFN, Bologna</subfield>
  </datafield>
  <datafield tag="700" ind1=" " ind2=" ">
    <subfield code="a">Zavertyaev, M</subfield>
    <subfield code="u">Heidelberg, Max Planck Inst.</subfield>
    <subfield code="u">Lebedev Inst.</subfield>
  </datafield>
  <datafield tag="700" ind1=" " ind2=" ">
    <subfield code="a">Zhang, F</subfield>
    <subfield code="u">Peking U., CHEP</subfield>
  </datafield>
  <datafield tag="700" ind1=" " ind2=" ">
    <subfield code="a">Zhang, L</subfield>
    <subfield code="u">Syracuse U.</subfield>
  </datafield>
  <datafield tag="700" ind1=" " ind2=" ">
    <subfield code="a">Zhang, W C</subfield>
    <subfield code="u">University Coll., Dublin</subfield>
  </datafield>
  <datafield tag="700" ind1=" " ind2=" ">
    <subfield code="a">Zhang, Y</subfield>
    <subfield code="u">Peking U., CHEP</subfield>
  </datafield>
  <datafield tag="700" ind1=" " ind2=" ">
    <subfield code="a">Zhelezov, A</subfield>
    <subfield code="u">Heidelberg U.</subfield>
  </datafield>
  <datafield tag="700" ind1=" " ind2=" ">
    <subfield code="a">Zhong, L</subfield>
    <subfield code="u">Peking U., CHEP</subfield>
  </datafield>
  <datafield tag="700" ind1=" " ind2=" ">
    <subfield code="a">Zvyagin, A</subfield>
    <subfield code="u">CERN</subfield>
  </datafield>
  <datafield tag="037" ind1=" " ind2=" ">
    <subfield code="a">arXiv:1209.0313</subfield>
  </datafield>
  <datafield tag="035" ind1=" " ind2=" ">
    <subfield code="9">arXiv</subfield>
    <subfield code="a">oai:arXiv.org:1209.0313</subfield>
  </datafield>
  <datafield tag="035" ind1=" " ind2=" ">
    <subfield code="9">Inspire</subfield>
    <subfield code="a">1184178</subfield>
  </datafield>
  <datafield tag="693" ind1=" " ind2=" ">
    <subfield code="a">CERN LHC</subfield>
    <subfield code="e">LHCb</subfield>
  </datafield>
  <datafield tag="695" ind1=" " ind2=" ">
    <subfield code="9">LANL EDS</subfield>
    <subfield code="a">hep-ex</subfield>
  </datafield>
  <datafield tag="859" ind1=" " ind2=" ">
    <subfield code="f">u.egede@imperial.ac.uk</subfield>
  </datafield>
  <datafield tag="909" ind1="C" ind2="O">
    <subfield code="o">oai:atlantis.cern.ch:1476362</subfield>
    <subfield code="p">cerncds:CERN</subfield>
  </datafield>
  <datafield tag="916" ind1=" " ind2=" ">
    <subfield code="s">n</subfield>
    <subfield code="w">201236</subfield>
    <subfield code="y">a2012</subfield>
  </datafield>
  <datafield tag="520" ind1=" " ind2=" ">
    <subfield code="a">The ratio of branching fractions of the radiative $B$ decays $B^0\rightarrow K^{*0}\gamma$ and $B^0_s\rightarrow\phi\gamma$ has been measured using an integrated luminosity of $1.0\mbox{fb}^{-1}$ of $pp$ collision data collected by the LHCb experiment at a centre-of-mass energy of $\sqrt{s}=7\mathrm{\,Te\kern -0.1em V}$. The value obtained is  \begin{equation*} \frac{{\cal B}(B^0\rightarrow K^{*0}\gamma)}{{\cal B} (B^0_s\rightarrow\phi\gamma)} = 1.23 \pm 0.06\mathrm{\,(stat.)} \pm 0.04\mathrm{\,(syst.)} \pm 0.10\,(f_s/f_d)\,, \end{equation*} where the first uncertainty is statistical, the second is the experimental systematic uncertainty and the third is associated with the ratio of fragmentation fractions $f_s/f_d$. Using the world average value for ${\cal{B}}(B^0\rightarrow K^{*0}\gamma)$, the branching fraction ${\cal{B}}(B^0_s\rightarrow\phi\gamma)$ is measured to be $(3.5\pm 0.4)\times10^{-5}$. The direct CP asymmetry in $B^0\rightarrow K^{*0}\gamma$ decays has also been measured with the same data and found to be \begin{equation*} \mathcal{A}_{C\!P}(B^0\rightarrow K^{*0}\gamma) = (0.8\pm1.7\mathrm{\,(stat.)}\pm0.9\mathrm{\,(syst.)})\%\,. \end{equation*} Both measurements are the most precise to date and are in agreement with the previous experimental results and theoretical expectations.</subfield>
  </datafield>
  <datafield tag="540" ind1=" " ind2=" ">
    <subfield code="3">Preprint</subfield>
    <subfield code="a">CC-BY-3.0</subfield>
  </datafield>
  <datafield tag="540" ind1=" " ind2=" ">
    <subfield code="a">CC-BY-3.0</subfield>
    <subfield code="3">Publication</subfield>
  </datafield>
  <datafield tag="542" ind1=" " ind2=" ">
    <subfield code="3">Preprint</subfield>
    <subfield code="d">CERN</subfield>
    <subfield code="g">2012</subfield>
  </datafield>
  <datafield tag="542" ind1=" " ind2=" ">
    <subfield code="d">CERN</subfield>
    <subfield code="g">2012</subfield>
    <subfield code="3">Publication</subfield>
  </datafield>
  <datafield tag="653" ind1="1" ind2=" ">
    <subfield code="9">CERN</subfield>
    <subfield code="a">flavor physics</subfield>
  </datafield>
  <datafield tag="653" ind1="1" ind2=" ">
    <subfield code="9">CERN</subfield>
    <subfield code="a">rare decay</subfield>
  </datafield>
  <datafield tag="653" ind1="1" ind2=" ">
    <subfield code="9">CERN</subfield>
    <subfield code="a">experimental results</subfield>
  </datafield>
  <datafield tag="690" ind1="C" ind2=" ">
    <subfield code="a">LHCb_Papers</subfield>
  </datafield>
  <datafield tag="690" ind1="C" ind2=" ">
    <subfield code="a">CERN</subfield>
  </datafield>
  <datafield tag="690" ind1="C" ind2=" ">
    <subfield code="a">ARTICLE</subfield>
  </datafield>
  <datafield tag="650" ind1="1" ind2="7">
    <subfield code="2">SzGeCERN</subfield>
    <subfield code="a">Particle Physics - Experiment</subfield>
  </datafield>
  <datafield tag="500" ind1=" " ind2=" ">
    <subfield code="a">Comments: 21 pages, 3 figues, 4 tables</subfield>
  </datafield>
  <datafield tag="088" ind1=" " ind2=" ">
    <subfield code="a">LHCB-PAPER-2012-019</subfield>
  </datafield>
  <datafield tag="088" ind1=" " ind2=" ">
    <subfield code="a">CERN-PH-EP-2012-247</subfield>
  </datafield>
  <datafield tag="269" ind1=" " ind2=" ">
    <subfield code="a">Geneva</subfield>
    <subfield code="b">CERN</subfield>
    <subfield code="c">05 Sep 2012</subfield>
  </datafield>
  <datafield tag="773" ind1=" " ind2=" ">
    <subfield code="c">1-18</subfield>
    <subfield code="p">Nucl. Phys. B</subfield>
    <subfield code="v">867</subfield>
    <subfield code="y">2012</subfield>
  </datafield>
  <datafield tag="300" ind1=" " ind2=" ">
    <subfield code="a">21 p</subfield>
  </datafield>
  <datafield tag="856" ind1="4" ind2=" ">
    <subfield code="u">http://cdsweb.cern.ch/record/1476362/files/LHCb-PAPER-2012-019-figures.zip</subfield>
    <subfield code="y">Related data file(s)</subfield>
  </datafield>
  <datafield tag="856" ind1="4" ind2=" ">
    <subfield code="u">http://arxiv.org/pdf/1209.0313.pdf</subfield>
    <subfield code="y">Preprint</subfield>
  </datafield>
  <datafield tag="856" ind1="4" ind2=" ">
    <subfield code="u">http://cdsweb.cern.ch/record/1476362/files/LHCb-PAPER-2012-019-supplementary.zip</subfield>
    <subfield code="y">Related supplementary data file(s)</subfield>
  </datafield>
  <datafield tag="856" ind1="4" ind2=" ">
    <subfield code="u">http://cdsweb.cern.ch/record/1476362/files/npb.867.1.pdf</subfield>
    <subfield code="y">Elsevier Open Access article</subfield>
  </datafield>
  <datafield tag="084" ind1=" " ind2=" ">
    <subfield code="2">CERN Library</subfield>
    <subfield code="a">PH-EP-2012-247</subfield>
  </datafield>
  <datafield tag="245" ind1=" " ind2=" ">
    <subfield code="a">Measurement of the ratio of branching fractions $B(B^0 \to K^{\ast 0} \gamma) / B(B^0_s \to \phi \gamma)$ and the direct $C\!P$ asymmetry in $B^0 \to K^{\ast 0} \gamma$</subfield>
  </datafield>
  <datafield tag="024" ind1="7" ind2=" ">
    <subfield code="2">DOI</subfield>
    <subfield code="a">10.1016/j.nuclphysb.2012.09.013</subfield>
  </datafield>
  <datafield tag="024" ind1="8" ind2=" ">
    <subfield code="a">oai:cds.cern.ch:1475901</subfield>
    <subfield code="p">cerncds:CERN</subfield>
  </datafield>
  <datafield tag="024" ind1="8" ind2=" ">
    <subfield code="a">oai:cds.cern.ch:1476362</subfield>
    <subfield code="p">cerncds:CERN</subfield>
  </datafield>
  <datafield tag="260" ind1=" " ind2=" ">
    <subfield code="c">2012</subfield>
  </datafield>
  <datafield tag="100" ind1=" " ind2=" ">
    <subfield code="a">Aaij, R</subfield>
    <subfield code="u">NIKHEF, Amsterdam</subfield>
  </datafield>
  <datafield tag="710" ind1=" " ind2=" ">
    <subfield code="g">LHCb Collaboration</subfield>
  </datafield>
  <datafield tag="710" ind1=" " ind2=" ">
    <subfield code="5">PH-EP</subfield>
  </datafield>
  <datafield tag="041" ind1=" " ind2=" ">
    <subfield code="a">eng</subfield>
  </datafield>
  <datafield tag="925" ind1=" " ind2=" ">
    <subfield code="b">19 Sep 2012</subfield>
  </datafield>
  <datafield tag="960" ind1=" " ind2=" ">
    <subfield code="a">13</subfield>
  </datafield>
  <datafield tag="980" ind1=" " ind2=" ">
    <subfield code="a">LHCb_Papers</subfield>
  </datafield>
  <datafield tag="980" ind1=" " ind2=" ">
    <subfield code="a">ARTICLE</subfield>
  </datafield>
</record>