
<record>
  <datafield tag="037" ind1=" " ind2=" ">
    <subfield code="a">Poster-2011-166</subfield>
  </datafield>
  <datafield tag="041" ind1=" " ind2=" ">
    <subfield code="a">eng</subfield>
  </datafield>
  <datafield tag="100" ind1=" " ind2=" ">
    <subfield code="a">Gaillard, Melissa</subfield>
  </datafield>
  <datafield tag="245" ind1=" " ind2=" ">
    <subfield code="a">Open up your mind! - CERN openlab Student Programme Poster 2011</subfield>
  </datafield>
  <datafield tag="270" ind1=" " ind2=" ">
    <subfield code="m">Melissa.Gaillard@cern.ch</subfield>
  </datafield>
  <datafield tag="300" ind1=" " ind2=" ">
    <subfield code="a">1 p</subfield>
  </datafield>
  <datafield tag="520" ind1=" " ind2=" ">
    <subfield code="a">&lt;!--HTML-->&lt;b>&lt;br>Who should apply?&lt;/br>&lt;br>How to apply? &lt;/br>&lt;br>Stipend&lt;/br>&lt;br>Students projects&lt;/br>&lt;br>Other activities&lt;/b></subfield>
  </datafield>
  <datafield tag="595" ind1=" " ind2=" ">
    <subfield code="a">CERN EDS</subfield>
  </datafield>
  <datafield tag="260" ind1=" " ind2=" ">
    <subfield code="c">2011</subfield>
  </datafield>
  <datafield tag="269" ind1=" " ind2=" ">
    <subfield code="a">Geneva</subfield>
    <subfield code="b">CERN</subfield>
    <subfield code="c">05 Jan 2011</subfield>
  </datafield>
  <datafield tag="653" ind1="1" ind2=" ">
    <subfield code="a">openlab</subfield>
  </datafield>
  <datafield tag="653" ind1="1" ind2=" ">
    <subfield code="a">student programme</subfield>
  </datafield>
  <datafield tag="653" ind1="1" ind2=" ">
    <subfield code="a">poster</subfield>
  </datafield>
  <datafield tag="653" ind1="1" ind2=" ">
    <subfield code="a">2011</subfield>
  </datafield>
  <datafield tag="693" ind1=" " ind2=" ">
    <subfield code="e">Select:</subfield>
  </datafield>
  <datafield tag="710" ind1=" " ind2=" ">
    <subfield code="5">IT</subfield>
  </datafield>
  <datafield tag="960" ind1=" " ind2=" ">
    <subfield code="a">80</subfield>
  </datafield>
  <datafield tag="859" ind1=" " ind2=" ">
    <subfield code="f">christiane.montarbaud@cern.ch</subfield>
  </datafield>
  <datafield tag="980" ind1=" " ind2=" ">
    <subfield code="a">POSTER</subfield>
  </datafield>
  <datafield tag="856" ind1="4" ind2=" ">
    <subfield code="u">http://cdsweb.cern.ch/record/1324854/files/Poster-2011-166.pdf</subfield>
  </datafield>
  <datafield tag="856" ind1="4" ind2=" ">
    <subfield code="u">http://cdsweb.cern.ch/record/1324854/files/Poster-2011-166.gif?subformat=icon</subfield>
    <subfield code="x">icon</subfield>
  </datafield>
</record>