
<record>
  <controlfield tag="003">SzGeCERN</controlfield>
  <datafield tag="035" ind1=" " ind2=" ">
    <subfield code="9">CERN annual report</subfield>
    <subfield code="a">98-1315</subfield>
 </datafield>
  <datafield tag="035" ind1=" " ind2=" ">
    <subfield code="a">0282854CERCER</subfield>
 </datafield>
  <datafield tag="041" ind1=" " ind2=" ">
    <subfield code="a">eng</subfield>
 </datafield>
  <datafield tag="100" ind1=" " ind2=" ">
    <subfield code="a">Bachy, Gérard</subfield>
 </datafield>
  <datafield tag="245" ind1=" " ind2=" ">
    <subfield code="a">Advances in large and precise mechanical structures</subfield>
 </datafield>
  <datafield tag="260" ind1=" " ind2=" ">
    <subfield code="c">1997</subfield>
 </datafield>
  <datafield tag="650" ind1="1" ind2="7">
    <subfield code="2">SzGeCERN</subfield>
    <subfield code="a">Engineering</subfield>
 </datafield>
  <datafield tag="690" ind1="C" ind2=" ">
    <subfield code="a">ARTICLE</subfield>
 </datafield>
  <datafield tag="690" ind1="C" ind2=" ">
    <subfield code="a">CERN</subfield>
 </datafield>
  <datafield tag="710" ind1=" " ind2=" ">
    <subfield code="5">MT</subfield>
 </datafield>
  <datafield tag="901" ind1=" " ind2=" ">
    <subfield code="u">CERN</subfield>
 </datafield>
  <datafield tag="916" ind1=" " ind2=" ">
    <subfield code="s">n</subfield>
    <subfield code="w">199800</subfield>
    <subfield code="y">a1998</subfield>
 </datafield>
  <datafield tag="960" ind1=" " ind2=" ">
    <subfield code="a">13</subfield>
 </datafield>
  <datafield tag="961" ind1=" " ind2=" ">
    <subfield code="c">20070310</subfield>
    <subfield code="h">0015</subfield>
    <subfield code="l">CER01</subfield>
    <subfield code="x">19980626</subfield>
 </datafield>
  <datafield tag="962" ind1=" " ind2=" ">
    <subfield code="b">000238922</subfield>
    <subfield code="k">491-507</subfield>
    <subfield code="n">archamps951120</subfield>
 </datafield>
  <datafield tag="963" ind1=" " ind2=" ">
    <subfield code="a">PUBLIC</subfield>
 </datafield>
  <datafield tag="970" ind1=" " ind2=" ">
    <subfield code="a">000282854CER</subfield>
 </datafield>
  <datafield tag="980" ind1=" " ind2=" ">
    <subfield code="a">ARTICLE</subfield>
 </datafield>
</record>