
<record>
  <controlfield tag="003">SzGeCERN</controlfield>
  <controlfield tag="005">20121031164626.0</controlfield>
  <datafield tag="024" ind1="8" ind2=" ">
    <subfield code="a">oai:cds.cern.ch:952137</subfield>
    <subfield code="p">cerncds:FULLTEXT</subfield>
    <subfield code="p">cerncds:CERN:FULLTEXT</subfield>
    <subfield code="p">cerncds:CERN</subfield>
  </datafield>
  <datafield tag="041" ind1=" " ind2=" ">
    <subfield code="a">eng</subfield>
  </datafield>
  <datafield tag="088" ind1=" " ind2=" ">
    <subfield code="a">CERN-EF-RF-82-9</subfield>
  </datafield>
  <datafield tag="088" ind1=" " ind2=" ">
    <subfield code="9">CM-P00059209</subfield>
  </datafield>
  <datafield tag="100" ind1=" " ind2=" ">
    <subfield code="a">Bernard, P</subfield>
    <subfield code="u">CERN</subfield>
  </datafield>
  <datafield tag="245" ind1=" " ind2=" ">
    <subfield code="a">Results of the test of the single cell 500 MHz accelerating cavities for the PETRA five-cell cavity</subfield>
  </datafield>
  <datafield tag="260" ind1=" " ind2=" ">
    <subfield code="c">1982</subfield>
  </datafield>
  <datafield tag="269" ind1=" " ind2=" ">
    <subfield code="a">Geneva</subfield>
    <subfield code="b">CERN</subfield>
    <subfield code="c">5 November 1982</subfield>
  </datafield>
  <datafield tag="300" ind1=" " ind2=" ">
    <subfield code="a">9 p</subfield>
  </datafield>
  <datafield tag="595" ind1=" " ind2=" ">
    <subfield code="a">CERN-EF</subfield>
  </datafield>
  <datafield tag="650" ind1="1" ind2="7">
    <subfield code="2">SzGeCERN</subfield>
    <subfield code="a">Accelerators and Storage Rings</subfield>
  </datafield>
  <datafield tag="690" ind1="C" ind2=" ">
    <subfield code="a">PREPRINT</subfield>
  </datafield>
  <datafield tag="690" ind1="C" ind2=" ">
    <subfield code="a">CERN</subfield>
  </datafield>
  <datafield tag="693" ind1=" " ind2=" ">
    <subfield code="a">XX</subfield>
    <subfield code="e">XX</subfield>
  </datafield>
  <datafield tag="700" ind1=" " ind2=" ">
    <subfield code="a">Bloess, D</subfield>
    <subfield code="u">CERN</subfield>
  </datafield>
  <datafield tag="700" ind1=" " ind2=" ">
    <subfield code="a">Cavallari, G</subfield>
    <subfield code="u">CERN</subfield>
  </datafield>
  <datafield tag="700" ind1=" " ind2=" ">
    <subfield code="a">Chiaveri, Enrico</subfield>
    <subfield code="u">CERN</subfield>
  </datafield>
  <datafield tag="700" ind1=" " ind2=" ">
    <subfield code="a">Häbel, E</subfield>
    <subfield code="u">CERN</subfield>
  </datafield>
  <datafield tag="700" ind1=" " ind2=" ">
    <subfield code="a">Lengeler, H</subfield>
    <subfield code="u">CERN</subfield>
  </datafield>
  <datafield tag="700" ind1=" " ind2=" ">
    <subfield code="a">Marchand, P</subfield>
    <subfield code="u">CERN</subfield>
  </datafield>
  <datafield tag="700" ind1=" " ind2=" ">
    <subfield code="a">Tückmantel, Joachim</subfield>
    <subfield code="u">CERN</subfield>
  </datafield>
  <datafield tag="700" ind1=" " ind2=" ">
    <subfield code="a">Weingarten, W</subfield>
    <subfield code="u">CERN</subfield>
  </datafield>
  <datafield tag="700" ind1=" " ind2=" ">
    <subfield code="a">Piel, H</subfield>
    <subfield code="u">Wuppertal U.</subfield>
  </datafield>
  <datafield tag="710" ind1=" " ind2=" ">
    <subfield code="5">EF</subfield>
  </datafield>
  <datafield tag="916" ind1=" " ind2=" ">
    <subfield code="s">h</subfield>
    <subfield code="w">200621</subfield>
  </datafield>
  <datafield tag="960" ind1=" " ind2=" ">
    <subfield code="a">11</subfield>
  </datafield>
  <datafield tag="961" ind1=" " ind2=" ">
    <subfield code="c">20100608</subfield>
    <subfield code="h">1157</subfield>
    <subfield code="l">CER01</subfield>
    <subfield code="x">20060522</subfield>
  </datafield>
  <datafield tag="963" ind1=" " ind2=" ">
    <subfield code="a">PUBLIC</subfield>
  </datafield>
  <datafield tag="970" ind1=" " ind2=" ">
    <subfield code="a">002618735CER</subfield>
  </datafield>
  <datafield tag="980" ind1=" " ind2=" ">
    <subfield code="a">PREPRINT</subfield>
  </datafield>
  <datafield tag="964" ind1=" " ind2=" ">
    <subfield code="a">0001</subfield>
  </datafield>
  <datafield tag="856" ind1="4" ind2=" ">
    <subfield code="u">http://preprints.cern.ch/cgi-bin/setlink?base=preprint&amp;categ=CM-P&amp;id=CM-P00059209</subfield>
    <subfield code="y">Fulltext</subfield>
  </datafield>
  <datafield tag="856" ind1="4" ind2=" ">
    <subfield code="u">http://cdsweb.cern.ch/record/952137/files/CM-P00059209.pdf</subfield>
    <subfield code="y">Fulltext</subfield>
  </datafield>
  <datafield tag="909" ind1="C" ind2="O">
    <subfield code="o">oai:atlantis.cern.ch:952137</subfield>
    <subfield code="p">cerncds:FULLTEXT</subfield>
    <subfield code="p">cerncds:CERN:FULLTEXT</subfield>
    <subfield code="p">cerncds:CERN</subfield>
  </datafield>
</record>