
<record>
  <datafield tag="856" ind1="4" ind2=" ">
    <subfield code="u">http://library.web.cern.ch/library/Archives/isad/isaspc.html</subfield>
    <subfield code="y">Higher level description</subfield>
  </datafield>
  <datafield tag="856" ind1="4" ind2=" ">
    <subfield code="u">http://cdsweb.cern.ch/collection/SPC%20-%20Scientific%20Policy%20Committee?ln=en</subfield>
    <subfield code="y">Fulltexts</subfield>
  </datafield>
  <datafield tag="088" ind1=" " ind2=" ">
    <subfield code="a">CERN-SPC/0001 to CERN/SPC/0971/RA (ongoing)</subfield>
  </datafield>
  <datafield tag="960" ind1=" " ind2=" ">
    <subfield code="a">01</subfield>
  </datafield>
  <datafield tag="852" ind1=" " ind2=" ">
    <subfield code="a">CERN Archives. Bldg. 61-S-001</subfield>
    <subfield code="c">A0511-A0721</subfield>
  </datafield>
  <datafield tag="300" ind1=" " ind2=" ">
    <subfield code="a">4 lm</subfield>
  </datafield>
  <datafield tag="980" ind1=" " ind2=" ">
    <subfield code="a">ARC010102</subfield>
  </datafield>
  <datafield tag="710" ind1=" " ind2=" ">
    <subfield code="a">CERN. Geneva. Scientific Policy Committee, SPC</subfield>
  </datafield>
  <datafield tag="245" ind1=" " ind2=" ">
    <subfield code="a">CERN Scientific Policy Committee</subfield>
    <subfield code="b">SPC Documents</subfield>
  </datafield>
  <datafield tag="541" ind1=" " ind2=" ">
    <subfield code="a">CERN Council Secretariat</subfield>
    <subfield code="f">Van der Stichelen, B</subfield>
  </datafield>
  <datafield tag="340" ind1=" " ind2=" ">
    <subfield code="a">Paper</subfield>
  </datafield>
  <datafield tag="490" ind1=" " ind2=" ">
    <subfield code="a">CERN-ARCH-SPC</subfield>
    <subfield code="v">Collection: CERN Scientific Policy Committee, SPC</subfield>
  </datafield>
  <datafield tag="500" ind1=" " ind2=" ">
    <subfield code="a">The collection is still open and accruals are received regularly, soon after they are produced</subfield>
  </datafield>
  <datafield tag="506" ind1=" " ind2=" ">
    <subfield code="a">Restricted</subfield>
  </datafield>
  <datafield tag="595" ind1=" " ind2=" ">
    <subfield code="a">1.01.02</subfield>
  </datafield>
  <datafield tag="916" ind1=" " ind2=" ">
    <subfield code="w">201135</subfield>
  </datafield>
  <datafield tag="925" ind1=" " ind2=" ">
    <subfield code="a">1954-12-13</subfield>
    <subfield code="b">Present</subfield>
  </datafield>
  <datafield tag="041" ind1=" " ind2=" ">
    <subfield code="a">eng</subfield>
  </datafield>
  <datafield tag="041" ind1=" " ind2=" ">
    <subfield code="a">fre</subfield>
  </datafield>
  <datafield tag="927" ind1=" " ind2=" ">
    <subfield code="a">CERN-ARCH-SPC-</subfield>
  </datafield>
</record>