
<record>
  <controlfield tag="003">SzGeCERN</controlfield>
  <datafield tag="595" ind1=" " ind2=" ">
    <subfield code="a">LANL EDS</subfield>
  </datafield>
  <datafield tag="650" ind1="1" ind2="7">
    <subfield code="2">arXiv</subfield>
    <subfield code="a">Particle Physics - Experiment</subfield>
  </datafield>
  <datafield tag="269" ind1=" " ind2=" ">
    <subfield code="c">06 Dec 2011</subfield>
  </datafield>
  <datafield tag="035" ind1=" " ind2=" ">
    <subfield code="9">arXiv</subfield>
    <subfield code="a">oai:arXiv.org:1112.0868</subfield>
  </datafield>
  <datafield tag="035" ind1=" " ind2=" ">
    <subfield code="9">Inspire</subfield>
    <subfield code="a">1079918</subfield>
  </datafield>
  <datafield tag="693" ind1=" " ind2=" ">
    <subfield code="a">CERN LHC</subfield>
    <subfield code="e">LHCb</subfield>
  </datafield>
  <datafield tag="856" ind1="4" ind2=" ">
    <subfield code="u">http://arxiv.org/pdf/1112.0868.pdf</subfield>
    <subfield code="y">Preprint</subfield>
  </datafield>
  <datafield tag="695" ind1=" " ind2=" ">
    <subfield code="9">LANL EDS</subfield>
    <subfield code="a">hep-ex</subfield>
  </datafield>
  <datafield tag="037" ind1=" " ind2=" ">
    <subfield code="a">arXiv:1112.0868</subfield>
  </datafield>
  <datafield tag="520" ind1=" " ind2=" ">
    <subfield code="a">The determination of the CP-violating phase $\phi_s$ in $B^0_s \rightarrow J/\psi \phi$ decays is one of the key goals of the LHCb experiment. Its value is predicted to be very small in the Standard Model but can be significantly enhanced in many models of new physics. An angular analysis of the decay $\PBs\to\PJpsi\Pphi$ using about 340\invpicobarn of data is presented resulting in a Standard Model compatible value of $\phi_s^{\PJpsi\Pphi}=0.13\pm0.18(\mathrm{stat.})\pm0.07(\mathrm{syst.})\,\mathrm{rad}$. An additional extraction of $\phi_s$ from the decay $\PBs\to\PJpsi f_0(980)$ is performed for the first time in LHCb. A combination results in $\phi_s=0.05\pm0.17(\mathrm{stat.})\pm0.07(\mathrm{syst.})\,\mathrm{rad}$. To resolve the fast mixing frequency is an essential prerequisite of this analysis. This is demonstrated by a precision measurement of $\Delta m_s=17.725\pm0.041(\mathrm{stat.})\pm0.026(\mathrm{syst.})\ps^{-1}$.</subfield>
  </datafield>
  <datafield tag="690" ind1="C" ind2=" ">
    <subfield code="a">PREPRINT</subfield>
  </datafield>
  <datafield tag="690" ind1="C" ind2=" ">
    <subfield code="a">CERN</subfield>
  </datafield>
  <datafield tag="690" ind1="C" ind2=" ">
    <subfield code="a">LHCb_Misc</subfield>
  </datafield>
  <datafield tag="916" ind1=" " ind2=" ">
    <subfield code="s">n</subfield>
    <subfield code="w">201149</subfield>
  </datafield>
  <datafield tag="500" ind1=" " ind2=" ">
    <subfield code="a">Comments: Proceedings for PIC 2011, Vancouver</subfield>
  </datafield>
  <datafield tag="300" ind1=" " ind2=" ">
    <subfield code="a">3 p</subfield>
  </datafield>
  <datafield tag="710" ind1=" " ind2=" ">
    <subfield code="g">on behalf of the LHCb collaboration</subfield>
  </datafield>
  <datafield tag="260" ind1=" " ind2=" ">
    <subfield code="c">2011</subfield>
  </datafield>
  <datafield tag="100" ind1=" " ind2=" ">
    <subfield code="a">Krocker, Georg</subfield>
    <subfield code="u">Heidelberg U.</subfield>
  </datafield>
  <datafield tag="041" ind1=" " ind2=" ">
    <subfield code="a">eng</subfield>
  </datafield>
  <datafield tag="245" ind1=" " ind2=" ">
    <subfield code="a">CP violation in $B^0_s$ mixing with LHCb</subfield>
  </datafield>
  <datafield tag="960" ind1=" " ind2=" ">
    <subfield code="a">11</subfield>
  </datafield>
  <datafield tag="962" ind1=" " ind2=" ">
    <subfield code="b">1317605</subfield>
    <subfield code="n">vancouver20110828</subfield>
  </datafield>
  <datafield tag="980" ind1=" " ind2=" ">
    <subfield code="a">PREPRINT</subfield>
  </datafield>
  <datafield tag="980" ind1=" " ind2=" ">
    <subfield code="a">ConferencePaper</subfield>
  </datafield>
  <datafield tag="980" ind1=" " ind2=" ">
    <subfield code="a">LHCb_Misc</subfield>
  </datafield>
</record>