
<record>
  <controlfield tag="003">SzGeCERN</controlfield>
  <controlfield tag="005">20080526171517.0</controlfield>
  <datafield tag="595" ind1=" " ind2=" ">
    <subfield code="a">1.26.14</subfield>
  </datafield>
  <datafield tag="600" ind1=" " ind2=" ">
    <subfield code="a">Heuer, R, Director-General, CERN</subfield>
  </datafield>
  <datafield tag="600" ind1=" " ind2=" ">
    <subfield code="a">Bonmartin, A, Président, Université Claude Bernard Lyon 1 (UCBL)</subfield>
  </datafield>
  <datafield tag="600" ind1=" " ind2=" ">
    <subfield code="a">Minault, B, Délégué Régional Rhône-Auvergne, Centre National de la Recherche Scientifique (CNRS)</subfield>
  </datafield>
  <datafield tag="600" ind1=" " ind2=" ">
    <subfield code="a">Boudou, A, Président, Université de Bordeaux 1</subfield>
  </datafield>
  <datafield tag="600" ind1=" " ind2=" ">
    <subfield code="a">Fourmigue, JM, Président, Société Fibercryst</subfield>
  </datafield>
  <datafield tag="600" ind1=" " ind2=" ">
    <subfield code="a">Dujardin, C, Responsable Scientifique, Laboratoire de Physico-Chimie des Matériaux Luminescents (LPCML)</subfield>
  </datafield>
  <datafield tag="600" ind1=" " ind2=" ">
    <subfield code="a">Joubert, MF, Directrice, Laboratoire de Physico-Chimie des Matériaux Luminescents (LPCML)</subfield>
  </datafield>
  <datafield tag="980" ind1=" " ind2=" ">
    <subfield code="a">ARC012614</subfield>
  </datafield>
  <datafield tag="856" ind1="4" ind2=" ">
    <subfield code="u">http://library.cern.ch/archives/isad/isatt.html</subfield>
    <subfield code="y">Higher level description</subfield>
  </datafield>
  <datafield tag="852" ind1=" " ind2=" ">
    <subfield code="a">CERN Archives. Bldg. 61-S-001</subfield>
    <subfield code="c">W0924</subfield>
  </datafield>
  <datafield tag="541" ind1=" " ind2=" ">
    <subfield code="a">Technology Transfer Service</subfield>
    <subfield code="d">2012-05-10</subfield>
    <subfield code="f">Bachmann, Silke</subfield>
  </datafield>
  <datafield tag="340" ind1=" " ind2=" ">
    <subfield code="a">Paper</subfield>
  </datafield>
  <datafield tag="490" ind1=" " ind2=" ">
    <subfield code="a">CERN-ARCH-TT</subfield>
    <subfield code="v">Collection: Technology Transfer Service, TT</subfield>
  </datafield>
  <datafield tag="490" ind1=" " ind2=" ">
    <subfield code="a">CERN-ARCH-TT-01</subfield>
    <subfield code="v">Sub-collection: Agreements, originals of contrats</subfield>
  </datafield>
  <datafield tag="506" ind1=" " ind2=" ">
    <subfield code="a">Restricted</subfield>
  </datafield>
  <datafield tag="916" ind1=" " ind2=" ">
    <subfield code="w">201219</subfield>
  </datafield>
  <datafield tag="500" ind1=" " ind2=" ">
    <subfield code="a">ANR: Agence National de la Recherche</subfield>
  </datafield>
  <datafield tag="088" ind1=" " ind2=" ">
    <subfield code="a">KN1931/KT/PH/004P</subfield>
  </datafield>
  <datafield tag="088" ind1=" " ind2=" ">
    <subfield code="a">ANR N°2010-BLAN-947</subfield>
  </datafield>
  <datafield tag="300" ind1=" " ind2=" ">
    <subfield code="a">48 p</subfield>
  </datafield>
  <datafield tag="710" ind1=" " ind2=" ">
    <subfield code="a">CERN. Geneva</subfield>
  </datafield>
  <datafield tag="710" ind1=" " ind2=" ">
    <subfield code="a">Université Claude Bernard Lyon 1 (UCBL), Villeurbanne, France</subfield>
  </datafield>
  <datafield tag="710" ind1=" " ind2=" ">
    <subfield code="a">Université de Bordeaux 1, Talence, France</subfield>
  </datafield>
  <datafield tag="710" ind1=" " ind2=" ">
    <subfield code="a">Société Fibercryst, Villeurbanne, France</subfield>
  </datafield>
  <datafield tag="710" ind1=" " ind2=" ">
    <subfield code="a">Laboratoire de Physico-Chimie des Matériaux Luminescents (LPCML), France</subfield>
  </datafield>
  <datafield tag="710" ind1=" " ind2=" ">
    <subfield code="a">Centre National de la Recherche Scientifique (CNRS), Paris, France</subfield>
  </datafield>
  <datafield tag="245" ind1=" " ind2=" ">
    <subfield code="a">Technology Transfer</subfield>
    <subfield code="b">Accord de Cohnsortium KN1931/KT/PH/004P entre l'Organisation Européenne pour la Recherche Nucléaire (CERN), l'Université Claude Bernard Lyon 1, Centre National de la Recherche Scientifique (CNRS), l'Université de Bordeaux 1 et la Société Fibercryst concernant INFINHI - Méta-matériaux à base de fibres cristallines inorganiques pour les futurs détecteurs en physique des hautes énergies</subfield>
  </datafield>
  <datafield tag="269" ind1=" " ind2=" ">
    <subfield code="a">Geneva, ch</subfield>
  </datafield>
  <datafield tag="041" ind1=" " ind2=" ">
    <subfield code="a">fre</subfield>
  </datafield>
  <datafield tag="960" ind1=" " ind2=" ">
    <subfield code="a">01</subfield>
  </datafield>
  <datafield tag="925" ind1=" " ind2=" ">
    <subfield code="a">2011-09-19</subfield>
    <subfield code="b">2011-10-12</subfield>
  </datafield>
  <datafield tag="927" ind1=" " ind2=" ">
    <subfield code="a">CERN-ARCH-TT-01-0230</subfield>
  </datafield>
</record>