
<record>
  <datafield tag="856" ind1="0" ind2=" ">
    <subfield code="f">sylvia.martakis@cern.ch</subfield>
  </datafield>
  <datafield tag="856" ind1="4" ind2=" ">
    <subfield code="u">http://cdsweb.cern.ch/record/1406857/files/pecfa-11-273_Report_Neutrino.pdf</subfield>
    <subfield code="y">English</subfield>
  </datafield>
  <datafield tag="088" ind1=" " ind2=" ">
    <subfield code="a">ECFA-11-273</subfield>
  </datafield>
  <datafield tag="980" ind1=" " ind2=" ">
    <subfield code="a">PECFA</subfield>
  </datafield>
  <datafield tag="084" ind1=" " ind2=" ">
    <subfield code="b">PECFA-2011-ECFA-11-273</subfield>
  </datafield>
  <datafield tag="245" ind1=" " ind2=" ">
    <subfield code="a">Review Report on the EUROnu Midterm Report and IDS-NF Interim Design Report</subfield>
  </datafield>
  <datafield tag="260" ind1=" " ind2=" ">
    <subfield code="c">2011</subfield>
  </datafield>
  <datafield tag="111" ind1=" " ind2=" ">
    <subfield code="9">20111125</subfield>
    <subfield code="a">Plenary ECFA meeting</subfield>
    <subfield code="c">CERN, Switzerland</subfield>
    <subfield code="d">25 Nov 2011</subfield>
    <subfield code="f">2011</subfield>
    <subfield code="g">cern20111125</subfield>
    <subfield code="w">CH</subfield>
    <subfield code="z">20111125</subfield>
  </datafield>
  <datafield tag="041" ind1=" " ind2=" ">
    <subfield code="a">eng</subfield>
  </datafield>
  <datafield tag="506" ind1=" " ind2=" ">
    <subfield code="3">pecfa</subfield>
  </datafield>
  <datafield tag="269" ind1=" " ind2=" ">
    <subfield code="c">2011-11-25</subfield>
  </datafield>
  <datafield tag="500" ind1=" " ind2=" ">
    <subfield code="a">ECFA Review Panel for Future Accelerator based Neutrino Facilities P. Bernabeu, P. Decowski , D. Findlay, G. Fogli, T. Garvey, P. Lebrun, J. Maalampi, K. Nishikawa, E. Rondio Chaired by F. Halzen</subfield>
  </datafield>
</record>