
<record>
  <datafield tag="037" ind1=" " ind2=" ">
    <subfield code="a">CMS-PAS-BPH-11-006</subfield>
  </datafield>
  <datafield tag="245" ind1=" " ind2=" ">
    <subfield code="a">Measurement of the Bs lifetime difference</subfield>
  </datafield>
  <datafield tag="260" ind1=" " ind2=" ">
    <subfield code="c">2012</subfield>
  </datafield>
  <datafield tag="269" ind1=" " ind2=" ">
    <subfield code="a">Geneva</subfield>
    <subfield code="b">CERN</subfield>
  </datafield>
  <datafield tag="653" ind1="1" ind2=" ">
    <subfield code="9">CMS</subfield>
    <subfield code="a">Data</subfield>
  </datafield>
  <datafield tag="520" ind1=" " ind2=" ">
    <subfield code="a">A flavour-untagged measurement of the lifetime difference in the $B_s\rightarrow J/\psi \phi$ with $\JPsi \rightarrow \mu ^+ \mu ^-$ and $\phi \rightarrow K ^+ K ^-$ decay is presented. The analyzed dataset corresponds to an integrated luminosity of $5.0\pm0.1~\mbox{fb}^{-1}$ collected in \textrm{pp} collisions at a centre of mass energy $\sqrt{s}= 7$ TeV with the CMS detector at the LHC.
A total of 14456 $B_s\rightarrow J/\psi \phi$ decay signal candidates is reconstructed and used to measure the decay width difference $\Delta\Gamma_s$ and the polarization amplitudes, via an angular and proper decay time analysis. Assuming the mixing phase $\phi_s$ to be zero, we obtain a decay width difference $\Delta\Gamma_s = 0.048 \pm 0.024~(\mbox{stat.}) \pm 0.003~(\mbox{syst.})~\mbox{ps}^{-1}$ between the two ${B_s}$ mass eigenstates.</subfield>
  </datafield>
  <datafield tag="856" ind1="4" ind2=" ">
    <subfield code="u">http://cms.cern.ch/iCMS/analysisadmin/cadi?ancode=BPH-11-006</subfield>
    <subfield code="y">Additional information for the analysis (restricted access)</subfield>
  </datafield>
  <datafield tag="856" ind1="4" ind2=" ">
    <subfield code="u">http://cdsweb.cern.ch/record/1484686/files/BPH-11-006-pas.pdf</subfield>
    <subfield code="y">Fulltext in PDF</subfield>
  </datafield>
  <datafield tag="856" ind1="4" ind2=" ">
    <subfield code="u">http://cdsweb.cern.ch/record/1484686/files/Figure_001.pdf</subfield>
    <subfield code="y">Figure_001</subfield>
    <subfield code="z">Figure</subfield>
  </datafield>
  <datafield tag="856" ind1="4" ind2=" ">
    <subfield code="u">http://cdsweb.cern.ch/record/1484686/files/Figure_002.pdf</subfield>
    <subfield code="y">Figure_002</subfield>
    <subfield code="z">Figure</subfield>
  </datafield>
  <datafield tag="856" ind1="4" ind2=" ">
    <subfield code="u">http://cdsweb.cern.ch/record/1484686/files/Figure_003.pdf</subfield>
    <subfield code="y">Figure_003</subfield>
    <subfield code="z">Figure</subfield>
  </datafield>
  <datafield tag="856" ind1="4" ind2=" ">
    <subfield code="u">http://cdsweb.cern.ch/record/1484686/files/Figure_004-a.pdf</subfield>
    <subfield code="y">Figure_004-a</subfield>
    <subfield code="z">Figure</subfield>
  </datafield>
  <datafield tag="856" ind1="4" ind2=" ">
    <subfield code="u">http://cdsweb.cern.ch/record/1484686/files/Figure_004-b.pdf</subfield>
    <subfield code="y">Figure_004-b</subfield>
    <subfield code="z">Figure</subfield>
  </datafield>
  <datafield tag="856" ind1="4" ind2=" ">
    <subfield code="u">http://cdsweb.cern.ch/record/1484686/files/Figure_004-c.pdf</subfield>
    <subfield code="y">Figure_004-c</subfield>
    <subfield code="z">Figure</subfield>
  </datafield>
  <datafield tag="856" ind1="4" ind2=" ">
    <subfield code="u">http://cdsweb.cern.ch/record/1484686/files/Figure_001.png?subformat=icon</subfield>
    <subfield code="x">icon</subfield>
    <subfield code="y">Figure_001</subfield>
    <subfield code="z">Figure</subfield>
  </datafield>
  <datafield tag="856" ind1="4" ind2=" ">
    <subfield code="u">http://cdsweb.cern.ch/record/1484686/files/Figure_002.png?subformat=icon</subfield>
    <subfield code="x">icon</subfield>
    <subfield code="y">Figure_002</subfield>
    <subfield code="z">Figure</subfield>
  </datafield>
  <datafield tag="856" ind1="4" ind2=" ">
    <subfield code="u">http://cdsweb.cern.ch/record/1484686/files/Figure_003.png?subformat=icon</subfield>
    <subfield code="x">icon</subfield>
    <subfield code="y">Figure_003</subfield>
    <subfield code="z">Figure</subfield>
  </datafield>
  <datafield tag="856" ind1="4" ind2=" ">
    <subfield code="u">http://cdsweb.cern.ch/record/1484686/files/Figure_004-a.png?subformat=icon</subfield>
    <subfield code="x">icon</subfield>
    <subfield code="y">Figure_004-a</subfield>
    <subfield code="z">Figure</subfield>
  </datafield>
  <datafield tag="856" ind1="4" ind2=" ">
    <subfield code="u">http://cdsweb.cern.ch/record/1484686/files/Figure_004-b.png?subformat=icon</subfield>
    <subfield code="x">icon</subfield>
    <subfield code="y">Figure_004-b</subfield>
    <subfield code="z">Figure</subfield>
  </datafield>
  <datafield tag="856" ind1="4" ind2=" ">
    <subfield code="u">http://cdsweb.cern.ch/record/1484686/files/Figure_004-c.png?subformat=icon</subfield>
    <subfield code="x">icon</subfield>
    <subfield code="y">Figure_004-c</subfield>
    <subfield code="z">Figure</subfield>
  </datafield>
  <datafield tag="980" ind1=" " ind2=" ">
    <subfield code="a">CMS-PHYSICS-ANALYSIS-SUMMARIES</subfield>
  </datafield>
  <datafield tag="859" ind1=" " ind2=" ">
    <subfield code="f">cms-pag-conveners-bphysics@cern.ch</subfield>
  </datafield>
</record>