
<record>
  <controlfield tag="003">SzGeCERN</controlfield>
  <controlfield tag="005">20121126114627.0</controlfield>
  <datafield tag="024" ind1="8" ind2=" ">
    <subfield code="a">oai:cds.cern.ch:1482669</subfield>
    <subfield code="p">cerncds:THESES</subfield>
  </datafield>
  <datafield tag="693" ind1=" " ind2=" ">
    <subfield code="a">CERN LEP</subfield>
    <subfield code="e">OPAL</subfield>
  </datafield>
  <datafield tag="693" ind1=" " ind2=" ">
    <subfield code="a">CERN LEP</subfield>
    <subfield code="e">LEP1</subfield>
  </datafield>
  <datafield tag="690" ind1="C" ind2=" ">
    <subfield code="a">CERN</subfield>
  </datafield>
  <datafield tag="690" ind1="C" ind2=" ">
    <subfield code="a">THESIS</subfield>
  </datafield>
  <datafield tag="595" ind1=" " ind2=" ">
    <subfield code="a">no fulltext</subfield>
  </datafield>
  <datafield tag="300" ind1=" " ind2=" ">
    <subfield code="a">300 p</subfield>
  </datafield>
  <datafield tag="980" ind1=" " ind2=" ">
    <subfield code="a">THESIS</subfield>
  </datafield>
  <datafield tag="856" ind1="4" ind2=" ">
    <subfield code="u">http://irfu.cea.fr/Documentation/Theses/recherche_theses.php</subfield>
    <subfield code="y">IRFU server</subfield>
  </datafield>
  <datafield tag="909" ind1="C" ind2="O">
    <subfield code="o">oai:atlantis.cern.ch:1482669</subfield>
    <subfield code="p">cerncds:THESES</subfield>
  </datafield>
  <datafield tag="520" ind1=" " ind2=" ">
    <subfield code="a">A partir de l'ensemble des données accumulées par OPAL au cours de la première phase de fonctionnement du LEP, nous avons mesuré l'asymétrie avant-arrière des quarks b et c au voisinage du pic du Zo. Utilisant une méthode traditionnelle, basée sur la détection des leptons produits dans les désintégrations semi-leptoniques des hadrons lourds, nous avons cherché à optimiser chaque étape de la mesure, en mettant en œuvre les algorithmes les plus appropriés. Le recours aux réseaux de neurones artificiels s'est en particulier avéré d'une grande utilité lorsque le problème à résoudre impliquait la prise en compte simultanée de multiples sources d'informations, d'origine et de nature très variées. Nos résultats sont en bon accord avec ceux des autres mesures effectuées à LEP et compatibles avec les prédictions du Modèle Standard pour un quark top de 174 ± 31 GeV/c2 et un boson de Higgs de masse comprise entre 60 et 1000 GeV/c2</subfield>
  </datafield>
  <datafield tag="041" ind1=" " ind2=" ">
    <subfield code="a">fre</subfield>
  </datafield>
  <datafield tag="650" ind1="1" ind2="7">
    <subfield code="2">SzGeCERN</subfield>
    <subfield code="a">Particle Physics - Experiment</subfield>
  </datafield>
  <datafield tag="242" ind1=" " ind2=" ">
    <subfield code="a">Measurement of Heavy-Quarks Forward-Backward Asymmetries at LEP1 with OPAL</subfield>
  </datafield>
  <datafield tag="960" ind1=" " ind2=" ">
    <subfield code="a">14</subfield>
  </datafield>
  <datafield tag="100" ind1=" " ind2=" ">
    <subfield code="a">Lafoux, H</subfield>
    <subfield code="u">Paris U., VI-VII</subfield>
  </datafield>
  <datafield tag="502" ind1=" " ind2=" ">
    <subfield code="a">PhD</subfield>
    <subfield code="b">Paris U., VI-VII</subfield>
    <subfield code="c">1996</subfield>
  </datafield>
  <datafield tag="245" ind1=" " ind2=" ">
    <subfield code="a">Mesure asymétrie avant-arriere des quarks lourds a LEP1 avec le détecteur OPAL</subfield>
  </datafield>
  <datafield tag="500" ind1=" " ind2=" ">
    <subfield code="a">presented 30 Apr 1996</subfield>
  </datafield>
  <datafield tag="653" ind1="1" ind2=" ">
    <subfield code="a">Experimental study</subfield>
    <subfield code="a">Data analysis</subfield>
    <subfield code="a">LEP storage rings</subfield>
    <subfield code="a">Asymmetry</subfield>
    <subfield code="a">Neural networks</subfield>
    <subfield code="a">Standard model</subfield>
    <subfield code="a">OPAL detector</subfield>
    <subfield code="a">Quark lourd</subfield>
  </datafield>
</record>