
<record>
  <datafield tag="037" ind1=" " ind2=" ">
    <subfield code="a">CMSBUL-EDITORIAL-2012-002</subfield>
  </datafield>
  <datafield tag="100" ind1=" " ind2=" ">
    <subfield code="a"></subfield>
  </datafield>
  <datafield tag="245" ind1=" " ind2=" ">
    <subfield code="a">CMS 2012 data already exceed 2011 sample</subfield>
  </datafield>
  <datafield tag="260" ind1=" " ind2=" ">
    <subfield code="c">2012</subfield>
  </datafield>
  <datafield tag="269" ind1=" " ind2=" ">
    <subfield code="c">06/07/2012</subfield>
  </datafield>
  <datafield tag="520" ind1=" " ind2=" ">
    <subfield code="b">&lt;!--HTML--> &lt;p style="text-align: center; "> &lt;a href="https://cdsweb.cern.ch/record/1458919/files/int_lumi_cumulative_pp_2012.png">&lt;img alt="" src="https://cdsweb.cern.ch/record/1458919/files/int_lumi_cumulative_pp_2012.png" style="width: 540px; height: 400px; " />&lt;/a>&lt;/p> &lt;p style="text-align: center; "> &lt;strong>In just over two months of operations in 2012, CMS has recorded more data than in the 2011 run. As of the short technical stop starting 18 June, the LHC had delivered 6.65 fb&lt;sup>&amp;minus;1&lt;/sup> of collisions to CMS, of which CMS has recorded 6.15 fb&lt;sup>&amp;minus;1&lt;/sup>, at an average efficiency of over 92%.&lt;/strong>&lt;/p></subfield>
  </datafield>
  <datafield tag="595" ind1=" " ind2=" ">
    <subfield code="a">CMS Bulletin</subfield>
  </datafield>
  <datafield tag="691" ind1=" " ind2=" ">
    <subfield code="a">ONLINE</subfield>
  </datafield>
  <datafield tag="773" ind1=" " ind2=" ">
    <subfield code="c">1</subfield>
    <subfield code="n">2/2012</subfield>
    <subfield code="t">CMS Bulletin</subfield>
  </datafield>
  <datafield tag="859" ind1=" " ind2=" ">
    <subfield code="a"></subfield>
    <subfield code="f">marzena.lapka@cern.ch</subfield>
  </datafield>
  <datafield tag="980" ind1=" " ind2=" ">
    <subfield code="a">CMSBULLETINEDITORIAL</subfield>
  </datafield>
</record>