
<record>
  <controlfield tag="003">SzGeCERN</controlfield>
  <controlfield tag="005">20041020140726.0</controlfield>
  <datafield tag="595" ind1=" " ind2=" ">
    <subfield code="a">1.04.04</subfield>
  </datafield>
  <datafield tag="980" ind1=" " ind2=" ">
    <subfield code="a">ARC010404</subfield>
  </datafield>
  <datafield tag="490" ind1=" " ind2=" ">
    <subfield code="a">CERN-ARCH-ESRP</subfield>
    <subfield code="v">Collection: European Synchrotron Radiation Project, ESRP</subfield>
  </datafield>
  <datafield tag="691" ind1=" " ind2=" ">
    <subfield code="a">IRM = Internal Reports: Machine</subfield>
  </datafield>
  <datafield tag="852" ind1=" " ind2=" ">
    <subfield code="a">CERN Archives. Bldg. 61-S-001</subfield>
    <subfield code="c">B1155</subfield>
  </datafield>
  <datafield tag="970" ind1=" " ind2=" ">
    <subfield code="a">000034133ARC</subfield>
  </datafield>
  <datafield tag="541" ind1=" " ind2=" ">
    <subfield code="a">ETT-SI</subfield>
    <subfield code="d">2000-11-08</subfield>
  </datafield>
  <datafield tag="340" ind1=" " ind2=" ">
    <subfield code="a">Paper</subfield>
  </datafield>
  <datafield tag="506" ind1=" " ind2=" ">
    <subfield code="a">Free</subfield>
  </datafield>
  <datafield tag="520" ind1=" " ind2=" ">
    <subfield code="a">The European Synchrotron Radiation Project group was set up in 1983 and was based at CERN. It was involved in planning the European Synchrotron Radiation Facility (further information at http: www.esrf.fr)</subfield>
  </datafield>
  <datafield tag="916" ind1=" " ind2=" ">
    <subfield code="w">200319</subfield>
  </datafield>
  <datafield tag="088" ind1=" " ind2=" ">
    <subfield code="a">ESRP-IRM-50 to ESRP-IRM-83</subfield>
  </datafield>
  <datafield tag="300" ind1=" " ind2=" ">
    <subfield code="a">4 cm</subfield>
  </datafield>
  <datafield tag="710" ind1=" " ind2=" ">
    <subfield code="a">European Synchrotron Radiation Project</subfield>
  </datafield>
  <datafield tag="245" ind1=" " ind2=" ">
    <subfield code="a">European Synchrotron Radiation Project, ESRP</subfield>
    <subfield code="b">Internal reports IRM 50-83</subfield>
  </datafield>
  <datafield tag="041" ind1=" " ind2=" ">
    <subfield code="a">eng</subfield>
  </datafield>
  <datafield tag="960" ind1=" " ind2=" ">
    <subfield code="a">01</subfield>
  </datafield>
  <datafield tag="961" ind1=" " ind2=" ">
    <subfield code="c">20050326</subfield>
    <subfield code="h">0011</subfield>
    <subfield code="l">ARC01</subfield>
    <subfield code="x">20001116</subfield>
  </datafield>
  <datafield tag="963" ind1=" " ind2=" ">
    <subfield code="a">PUBLIC</subfield>
  </datafield>
  <datafield tag="929" ind1=" " ind2=" ">
    <subfield code="a">Permanent</subfield>
  </datafield>
  <datafield tag="925" ind1=" " ind2=" ">
    <subfield code="a">1984-10-01/subfield>
  </datafield>
  <datafield tag="927" ind1=" " ind2=" ">
    <subfield code="a">CERN-ARCH-ESRP-3</subfield>
  </datafield>
</record>