
<record>
  <controlfield tag="003">SzGeCERN</controlfield>
  <controlfield tag="005">20050208135929.0</controlfield>
  <datafield tag="595" ind1=" " ind2=" ">
    <subfield code="a">1.16.01</subfield>
  </datafield>
  <datafield tag="980" ind1=" " ind2=" ">
    <subfield code="a">ARC011601</subfield>
  </datafield>
  <datafield tag="490" ind1=" " ind2=" ">
    <subfield code="a">CERN-ARCH-CDHS</subfield>
    <subfield code="v">Collection: CDHS Experiment</subfield>
  </datafield>
  <datafield tag="690" ind1="C" ind2=" ">
    <subfield code="a">Album</subfield>
  </datafield>
  <datafield tag="691" ind1=" " ind2=" ">
    <subfield code="a">The CDHS neutrino experiment at CERN was a collaboration of CERN, Dortmund, Heidelberg and Saclay (later joined by Warsaw) led by Jack Steinberger</subfield>
  </datafield>
  <!-- <datafield tag="691" ind1=" " ind2=" "> -->
  <!--   <subfield code="a">The experiment was desigend to study deep inelastic neutrino interactions in iron. The experiment took data in the CERN neutrino beams from December 1976 until 1984</subfield> -->
  <!-- </datafield> -->
  <datafield tag="852" ind1=" " ind2=" ">
    <subfield code="a">CERN Archives. Bldg. 61-S-001</subfield>
    <subfield code="c">V0451</subfield>
  </datafield>
  <datafield tag="970" ind1=" " ind2=" ">
    <subfield code="a">000034135ARC</subfield>
  </datafield>
  <datafield tag="541" ind1=" " ind2=" ">
    <subfield code="d">2000-11-01/subfield>
    <subfield code="f">Steinberger, Jack</subfield>
  </datafield>
  <datafield tag="340" ind1=" " ind2=" ">
    <subfield code="a">Paper</subfield>
  </datafield>
  <datafield tag="340" ind1=" " ind2=" ">
    <subfield code="a">Photo-print</subfield>
  </datafield>
  <datafield tag="506" ind1=" " ind2=" ">
    <subfield code="a">Free</subfield>
  </datafield>
  <datafield tag="520" ind1=" " ind2=" ">
    <subfield code="a">Commemorative photo album.</subfield>
  </datafield>
  <datafield tag="916" ind1=" " ind2=" ">
    <subfield code="w">200046</subfield>
  </datafield>
  <datafield tag="300" ind1=" " ind2=" ">
    <subfield code="a">3 cm</subfield>
  </datafield>
  <datafield tag="710" ind1=" " ind2=" ">
    <subfield code="a">CERN. Geneva. CDHS Neutrino Experiment</subfield>
  </datafield>
  <datafield tag="041" ind1=" " ind2=" ">
    <subfield code="a">eng</subfield>
  </datafield>
  <datafield tag="245" ind1=" " ind2=" ">
    <subfield code="a">CERN-Dortmund-Heidelberg-Saclay neutrino experiment, CDHS</subfield>
    <subfield code="b">an "unauthorised and incomplete history compiled on the occasion of its end"</subfield>
  </datafield>
  <datafield tag="960" ind1=" " ind2=" ">
    <subfield code="a">01</subfield>
  </datafield>
  <datafield tag="961" ind1=" " ind2=" ">
    <subfield code="c">20050326</subfield>
    <subfield code="h">0011</subfield>
    <subfield code="l">ARC01</subfield>
    <subfield code="x">20001117</subfield>
  </datafield>
  <datafield tag="963" ind1=" " ind2=" ">
    <subfield code="a">PUBLIC</subfield>
  </datafield>
  <datafield tag="929" ind1=" " ind2=" ">
    <subfield code="a">Permanent</subfield>
  </datafield>
  <datafield tag="925" ind1=" " ind2=" ">
    <subfield code="a">1984-09-14</subfield>
  </datafield>
  <datafield tag="927" ind1=" " ind2=" ">
    <subfield code="a">CERN-ARCH-CDHS-001</subfield>
  </datafield>
</record>