/n<record xmlns="http://www.loc.gov/MARC21/slim">
	
<controlfield tag="003">SzGeCERN</controlfield>
   <datafield tag="088" ind1="" ind2="">
      <subfield code="a">CERN-ESTDEM-2005-001</subfield>
   </datafield>
   <datafield tag="110" ind1="" ind2="">
      <subfield code="a">Graveures Diverses pour l'atelier 102</subfield>
   </datafield>
   <datafield tag="245" ind1="" ind2="">
      <subfield code="a">GRAVURES DIVERSES</subfield>
   </datafield>
   <datafield tag="340" ind1="" ind2="">
      <subfield code="a">Folder</subfield>
   </datafield>
   <datafield tag="500" ind1="" ind2="">
      <subfield code="a">This folder contains formulas and recipes for making etching solutions for various kinds of metallic films used in PCB, and hybrid production in the CERN PCB lab.</subfield>
   </datafield>
   <datafield tag="653" ind1="1" ind2="">
      <subfield code="9">CERN</subfield>
      <subfield code="a">gravure</subfield>
   </datafield>
   <datafield tag="653" ind1="1" ind2="">
      <subfield code="9">CERN</subfield>
      <subfield code="a">etching</subfield>
   </datafield>
   <datafield tag="653" ind1="1" ind2="">
      <subfield code="9">CERN</subfield>
      <subfield code="a">metal films</subfield>
   </datafield>
   <datafield tag="653" ind1="1" ind2="">
      <subfield code="9">CERN</subfield>
      <subfield code="a">recipes</subfield>
   </datafield>
   <datafield tag="653" ind1="1" ind2="">
      <subfield code="9">CERN</subfield>
      <subfield code="a">recipe</subfield>
   </datafield>
   <datafield tag="653" ind1="1" ind2="">
      <subfield code="9">CERN</subfield>
      <subfield code="a">etching solution</subfield>
   </datafield>
   <datafield tag="653" ind1="1" ind2="">
      <subfield code="9">CERN</subfield>
      <subfield code="a">chromium</subfield>
   </datafield>
   <datafield tag="653" ind1="1" ind2="">
      <subfield code="9">CERN</subfield>
      <subfield code="a">titanium</subfield>
   </datafield>
   <datafield tag="653" ind1="1" ind2="">
      <subfield code="9">CERN</subfield>
      <subfield code="a">gold</subfield>
   </datafield>
   <datafield tag="653" ind1="1" ind2="">
      <subfield code="9">CERN</subfield>
      <subfield code="a">silver</subfield>
   </datafield>
   <datafield tag="653" ind1="1" ind2="">
      <subfield code="9">CERN</subfield>
      <subfield code="a">molybdenum</subfield>
   </datafield>
   <datafield tag="653" ind1="1" ind2="">
      <subfield code="9">CERN</subfield>
      <subfield code="a">molymanganese</subfield>
   </datafield>
   <datafield tag="852" ind1="" ind2="">
      <subfield code="a">102-R-010</subfield>
   </datafield>
   <datafield tag="961" ind1="" ind2="">
      <subfield code="c">20050315</subfield>
      <subfield code="h">1533</subfield>
      <subfield code="l">MAN01</subfield>
      <subfield code="x">20050315</subfield>
   </datafield>
   <datafield tag="970" ind1="" ind2="">
      <subfield code="a">000031741MAN</subfield>
   </datafield>
   <datafield tag="980" ind1="" ind2="">
      <subfield code="a">DEMSUPPLIERS</subfield>
   </datafield>
</record>