
<record>
  <controlfield tag="003">SzGeCERN</controlfield>
  <controlfield tag="005">20121031172313.0</controlfield>
  <datafield tag="595" ind1=" " ind2=" ">
    <subfield code="a">LANL EDS</subfield>
  </datafield>
  <datafield tag="595" ind1=" " ind2=" ">
    <subfield code="a">CERN EDS</subfield>
  </datafield>
  <datafield tag="595" ind1=" " ind2=" ">
    <subfield code="a">CERN-PH-EP</subfield>
  </datafield>
  <datafield tag="595" ind1=" " ind2=" ">
    <subfield code="a">OA</subfield>
  </datafield>
  <datafield tag="595" ind1=" " ind2=" ">
    <subfield code="a">WEBOFSCIENCE-UPD-201111</subfield>
  </datafield>
  <datafield tag="595" ind1=" " ind2=" ">
    <subfield code="d">Test of lepton flavour universality in K(+) -> l(+)nu decays</subfield>
  </datafield>
  <datafield tag="650" ind1="1" ind2="7">
    <subfield code="2">arXiv</subfield>
    <subfield code="a">Particle Physics - Experiment</subfield>
  </datafield>
  <datafield tag="980" ind1=" " ind2=" ">
    <subfield code="a">ARTICLE</subfield>
  </datafield>
  <datafield tag="980" ind1=" " ind2=" ">
    <subfield code="a">NA62_Papers</subfield>
  </datafield>
  <datafield tag="700" ind1=" " ind2=" ">
    <subfield code="a">Romano, A</subfield>
    <subfield code="u">Birmingham U.</subfield>
  </datafield>
  <datafield tag="700" ind1=" " ind2=" ">
    <subfield code="a">Ceccucci, A</subfield>
    <subfield code="u">CERN</subfield>
  </datafield>
  <datafield tag="700" ind1=" " ind2=" ">
    <subfield code="a">Danielsson, H</subfield>
    <subfield code="u">CERN</subfield>
  </datafield>
  <datafield tag="700" ind1=" " ind2=" ">
    <subfield code="a">Falaleev, V</subfield>
    <subfield code="u">CERN</subfield>
  </datafield>
  <datafield tag="700" ind1=" " ind2=" ">
    <subfield code="a">Gatignon, L</subfield>
    <subfield code="u">CERN</subfield>
  </datafield>
  <datafield tag="700" ind1=" " ind2=" ">
    <subfield code="a">Goy Lopez, S</subfield>
    <subfield code="u">CERN</subfield>
  </datafield>
  <datafield tag="700" ind1=" " ind2=" ">
    <subfield code="a">Hallgren, B</subfield>
    <subfield code="u">CERN</subfield>
  </datafield>
  <datafield tag="700" ind1=" " ind2=" ">
    <subfield code="a">Maier, A</subfield>
    <subfield code="u">CERN</subfield>
  </datafield>
  <datafield tag="700" ind1=" " ind2=" ">
    <subfield code="a">Peters, A</subfield>
    <subfield code="u">CERN</subfield>
  </datafield>
  <datafield tag="700" ind1=" " ind2=" ">
    <subfield code="a">Piccini, M</subfield>
    <subfield code="u">CERN</subfield>
  </datafield>
  <datafield tag="700" ind1=" " ind2=" ">
    <subfield code="a">Riedler, P</subfield>
    <subfield code="u">CERN</subfield>
  </datafield>
  <datafield tag="700" ind1=" " ind2=" ">
    <subfield code="a">Dyulendarova, M</subfield>
    <subfield code="u">Dubna, JINR</subfield>
  </datafield>
  <datafield tag="700" ind1=" " ind2=" ">
    <subfield code="a">Frabetti, P L</subfield>
    <subfield code="u">Dubna, JINR</subfield>
  </datafield>
  <datafield tag="700" ind1=" " ind2=" ">
    <subfield code="a">Kekelidze, V</subfield>
    <subfield code="u">Dubna, JINR</subfield>
  </datafield>
  <datafield tag="700" ind1=" " ind2=" ">
    <subfield code="a">Madigozhin, D</subfield>
    <subfield code="u">Dubna, JINR</subfield>
  </datafield>
  <datafield tag="700" ind1=" " ind2=" ">
    <subfield code="a">Marinova, E</subfield>
    <subfield code="u">Dubna, JINR</subfield>
  </datafield>
  <datafield tag="700" ind1=" " ind2=" ">
    <subfield code="a">Molokanova, N</subfield>
    <subfield code="u">Dubna, JINR</subfield>
  </datafield>
  <datafield tag="700" ind1=" " ind2=" ">
    <subfield code="a">Movchan, S</subfield>
    <subfield code="u">Dubna, JINR</subfield>
  </datafield>
  <datafield tag="700" ind1=" " ind2=" ">
    <subfield code="a">Potrebenikov, Yu</subfield>
    <subfield code="u">Dubna, JINR</subfield>
  </datafield>
  <datafield tag="700" ind1=" " ind2=" ">
    <subfield code="a">Shkarovskiy, S</subfield>
    <subfield code="u">Dubna, JINR</subfield>
  </datafield>
  <datafield tag="700" ind1=" " ind2=" ">
    <subfield code="a">Zinchenko, A</subfield>
    <subfield code="u">Dubna, JINR</subfield>
  </datafield>
  <datafield tag="700" ind1=" " ind2=" ">
    <subfield code="a">Rubin, P</subfield>
    <subfield code="u">George Mason U.</subfield>
  </datafield>
  <datafield tag="700" ind1=" " ind2=" ">
    <subfield code="a">Baldini, W</subfield>
    <subfield code="u">Ferrara U.</subfield>
    <subfield code="u">INFN, Ferrara</subfield>
  </datafield>
  <datafield tag="700" ind1=" " ind2=" ">
    <subfield code="a">Cotta Ramusino, A</subfield>
    <subfield code="u">Ferrara U.</subfield>
    <subfield code="u">INFN, Ferrara</subfield>
  </datafield>
  <datafield tag="700" ind1=" " ind2=" ">
    <subfield code="a">Dalpiaz, P</subfield>
    <subfield code="u">Ferrara U.</subfield>
    <subfield code="u">INFN, Ferrara</subfield>
  </datafield>
  <datafield tag="700" ind1=" " ind2=" ">
    <subfield code="a">Fiorini, M</subfield>
    <subfield code="u">Ferrara U.</subfield>
    <subfield code="u">INFN, Ferrara</subfield>
  </datafield>
  <datafield tag="700" ind1=" " ind2=" ">
    <subfield code="a">Gianoli, A</subfield>
    <subfield code="u">Ferrara U.</subfield>
    <subfield code="u">INFN, Ferrara</subfield>
  </datafield>
  <datafield tag="700" ind1=" " ind2=" ">
    <subfield code="a">Norton, A</subfield>
    <subfield code="u">Ferrara U.</subfield>
    <subfield code="u">INFN, Ferrara</subfield>
  </datafield>
  <datafield tag="700" ind1=" " ind2=" ">
    <subfield code="a">Petrucci, F</subfield>
    <subfield code="u">Ferrara U.</subfield>
    <subfield code="u">INFN, Ferrara</subfield>
  </datafield>
  <datafield tag="700" ind1=" " ind2=" ">
    <subfield code="a">Savrie, M</subfield>
    <subfield code="u">Ferrara U.</subfield>
    <subfield code="u">INFN, Ferrara</subfield>
  </datafield>
  <datafield tag="700" ind1=" " ind2=" ">
    <subfield code="a">Wahl, H</subfield>
    <subfield code="u">Ferrara U.</subfield>
    <subfield code="u">INFN, Ferrara</subfield>
  </datafield>
  <datafield tag="700" ind1=" " ind2=" ">
    <subfield code="a">Bizzeti, A</subfield>
    <subfield code="u">INFN, Florence</subfield>
    <subfield code="u">Modena U.</subfield>
  </datafield>
  <datafield tag="700" ind1=" " ind2=" ">
    <subfield code="a">Bucci, F</subfield>
    <subfield code="u">INFN, Florence</subfield>
    <subfield code="u">Florence U.</subfield>
  </datafield>
  <datafield tag="700" ind1=" " ind2=" ">
    <subfield code="a">Iacopini, E</subfield>
    <subfield code="u">INFN, Florence</subfield>
    <subfield code="u">Florence U.</subfield>
  </datafield>
  <datafield tag="700" ind1=" " ind2=" ">
    <subfield code="a">Lenti, M</subfield>
    <subfield code="u">INFN, Florence</subfield>
  </datafield>
  <datafield tag="700" ind1=" " ind2=" ">
    <subfield code="a">Veltri, M</subfield>
    <subfield code="u">INFN, Florence</subfield>
    <subfield code="u">Urbino U.</subfield>
  </datafield>
  <datafield tag="700" ind1=" " ind2=" ">
    <subfield code="a">Antonelli, A</subfield>
    <subfield code="u">Frascati</subfield>
  </datafield>
  <datafield tag="700" ind1=" " ind2=" ">
    <subfield code="a">Moulson, M</subfield>
    <subfield code="u">Frascati</subfield>
  </datafield>
  <datafield tag="700" ind1=" " ind2=" ">
    <subfield code="a">Raggi, M</subfield>
    <subfield code="u">Frascati</subfield>
  </datafield>
  <datafield tag="700" ind1=" " ind2=" ">
    <subfield code="a">Spadaro, T</subfield>
    <subfield code="u">Frascati</subfield>
  </datafield>
  <datafield tag="700" ind1=" " ind2=" ">
    <subfield code="a">Eppard, K</subfield>
    <subfield code="u">Mainz U.</subfield>
  </datafield>
  <datafield tag="700" ind1=" " ind2=" ">
    <subfield code="a">Hita-Hochgesand, M</subfield>
    <subfield code="u">Mainz U.</subfield>
  </datafield>
  <datafield tag="700" ind1=" " ind2=" ">
    <subfield code="a">Kleinknecht, K</subfield>
    <subfield code="u">Mainz U.</subfield>
  </datafield>
  <datafield tag="700" ind1=" " ind2=" ">
    <subfield code="a">Renk, B</subfield>
    <subfield code="u">Mainz U.</subfield>
  </datafield>
  <datafield tag="700" ind1=" " ind2=" ">
    <subfield code="a">Wanke, R</subfield>
    <subfield code="u">Mainz U.</subfield>
  </datafield>
  <datafield tag="700" ind1=" " ind2=" ">
    <subfield code="a">Winhart, A</subfield>
    <subfield code="u">Mainz U.</subfield>
  </datafield>
  <datafield tag="700" ind1=" " ind2=" ">
    <subfield code="a">Winston, R</subfield>
    <subfield code="u">UC, Merced</subfield>
  </datafield>
  <datafield tag="700" ind1=" " ind2=" ">
    <subfield code="a">Bolotov, V</subfield>
    <subfield code="u">Moscow, INR</subfield>
  </datafield>
  <datafield tag="700" ind1=" " ind2=" ">
    <subfield code="a">Duk, V</subfield>
    <subfield code="u">Moscow, INR</subfield>
  </datafield>
  <datafield tag="700" ind1=" " ind2=" ">
    <subfield code="a">Gushchin, E</subfield>
    <subfield code="u">Moscow, INR</subfield>
  </datafield>
  <datafield tag="700" ind1=" " ind2=" ">
    <subfield code="a">Ambrosino, F</subfield>
    <subfield code="u">Naples U.</subfield>
    <subfield code="u">INFN, Naples</subfield>
  </datafield>
  <datafield tag="700" ind1=" " ind2=" ">
    <subfield code="a">Di Filippo, D</subfield>
    <subfield code="u">Naples U.</subfield>
    <subfield code="u">INFN, Naples</subfield>
  </datafield>
  <datafield tag="700" ind1=" " ind2=" ">
    <subfield code="a">Massarotti, P</subfield>
    <subfield code="u">Naples U.</subfield>
    <subfield code="u">INFN, Naples</subfield>
  </datafield>
  <datafield tag="700" ind1=" " ind2=" ">
    <subfield code="a">Napolitano, M</subfield>
    <subfield code="u">Naples U.</subfield>
    <subfield code="u">INFN, Naples</subfield>
  </datafield>
  <datafield tag="700" ind1=" " ind2=" ">
    <subfield code="a">Palladino, V</subfield>
    <subfield code="u">Naples U.</subfield>
    <subfield code="u">INFN, Naples</subfield>
  </datafield>
  <datafield tag="700" ind1=" " ind2=" ">
    <subfield code="a">Saracino, G</subfield>
    <subfield code="u">Naples U.</subfield>
    <subfield code="u">INFN, Naples</subfield>
  </datafield>
  <datafield tag="700" ind1=" " ind2=" ">
    <subfield code="a">Anzivino, G</subfield>
    <subfield code="u">Perugia U.</subfield>
    <subfield code="u">INFN, Perugia</subfield>
  </datafield>
  <datafield tag="700" ind1=" " ind2=" ">
    <subfield code="a">Imbergamo, E</subfield>
    <subfield code="u">Perugia U.</subfield>
    <subfield code="u">INFN, Perugia</subfield>
  </datafield>
  <datafield tag="700" ind1=" " ind2=" ">
    <subfield code="a">Piandani, R</subfield>
    <subfield code="u">Perugia U.</subfield>
    <subfield code="u">INFN, Perugia</subfield>
  </datafield>
  <datafield tag="700" ind1=" " ind2=" ">
    <subfield code="a">Sergi, A</subfield>
    <subfield code="u">Perugia U.</subfield>
    <subfield code="u">INFN, Perugia</subfield>
  </datafield>
  <datafield tag="700" ind1=" " ind2=" ">
    <subfield code="a">Cenci, P</subfield>
    <subfield code="u">INFN, Perugia</subfield>
  </datafield>
  <datafield tag="700" ind1=" " ind2=" ">
    <subfield code="a">Pepe, M</subfield>
    <subfield code="u">INFN, Perugia</subfield>
  </datafield>
  <datafield tag="700" ind1=" " ind2=" ">
    <subfield code="a">Costantini, F</subfield>
    <subfield code="u">Pisa U.</subfield>
    <subfield code="u">INFN, Pisa</subfield>
  </datafield>
  <datafield tag="700" ind1=" " ind2=" ">
    <subfield code="a">Doble, N</subfield>
    <subfield code="u">Pisa U.</subfield>
    <subfield code="u">INFN, Pisa</subfield>
  </datafield>
  <datafield tag="700" ind1=" " ind2=" ">
    <subfield code="a">Giudici, S</subfield>
    <subfield code="u">Pisa U.</subfield>
    <subfield code="u">INFN, Pisa</subfield>
  </datafield>
  <datafield tag="700" ind1=" " ind2=" ">
    <subfield code="a">Pierazzini, G</subfield>
    <subfield code="u">Pisa U.</subfield>
    <subfield code="u">INFN, Pisa</subfield>
  </datafield>
  <datafield tag="700" ind1=" " ind2=" ">
    <subfield code="a">Sozzi, M</subfield>
    <subfield code="u">Pisa U.</subfield>
    <subfield code="u">INFN, Pisa</subfield>
  </datafield>
  <datafield tag="700" ind1=" " ind2=" ">
    <subfield code="a">Venditti, S</subfield>
    <subfield code="u">Pisa U.</subfield>
    <subfield code="u">INFN, Pisa</subfield>
  </datafield>
  <datafield tag="700" ind1=" " ind2=" ">
    <subfield code="a">Balev, S</subfield>
    <subfield code="u">Pisa, Scuola Normale Superiore</subfield>
    <subfield code="u">INFN, Pisa</subfield>
  </datafield>
  <datafield tag="700" ind1=" " ind2=" ">
    <subfield code="a">Collazuol, G</subfield>
    <subfield code="u">Pisa, Scuola Normale Superiore</subfield>
    <subfield code="u">INFN, Pisa</subfield>
  </datafield>
  <datafield tag="700" ind1=" " ind2=" ">
    <subfield code="a">DiLella, L</subfield>
    <subfield code="u">Pisa, Scuola Normale Superiore</subfield>
    <subfield code="u">INFN, Pisa</subfield>
  </datafield>
  <datafield tag="700" ind1=" " ind2=" ">
    <subfield code="a">Gallorini, S</subfield>
    <subfield code="u">Pisa, Scuola Normale Superiore</subfield>
    <subfield code="u">INFN, Pisa</subfield>
  </datafield>
  <datafield tag="700" ind1=" " ind2=" ">
    <subfield code="a">Goudzovski, E</subfield>
    <subfield code="u">Pisa, Scuola Normale Superiore</subfield>
    <subfield code="u">INFN, Pisa</subfield>
    <subfield code="u">Birmingham U.</subfield>
  </datafield>
  <datafield tag="700" ind1=" " ind2=" ">
    <subfield code="a">Lamanna, G</subfield>
    <subfield code="u">Pisa, Scuola Normale Superiore</subfield>
    <subfield code="u">INFN, Pisa</subfield>
  </datafield>
  <datafield tag="700" ind1=" " ind2=" ">
    <subfield code="a">Mannelli, I</subfield>
    <subfield code="u">Pisa, Scuola Normale Superiore</subfield>
    <subfield code="u">INFN, Pisa</subfield>
  </datafield>
  <datafield tag="700" ind1=" " ind2=" ">
    <subfield code="a">Ruggier, G</subfield>
    <subfield code="u">Pisa, Scuola Normale Superiore</subfield>
    <subfield code="u">INFN, Pisa</subfield>
  </datafield>
  <datafield tag="700" ind1=" " ind2=" ">
    <subfield code="a">Cerri, C</subfield>
    <subfield code="u">INFN, Pisa</subfield>
  </datafield>
  <datafield tag="700" ind1=" " ind2=" ">
    <subfield code="a">Fantechi, R</subfield>
    <subfield code="u">INFN, Pisa</subfield>
  </datafield>
  <datafield tag="700" ind1=" " ind2=" ">
    <subfield code="a">Kurshetsov, V</subfield>
    <subfield code="u">Serpukhov, IHEP</subfield>
  </datafield>
  <datafield tag="700" ind1=" " ind2=" ">
    <subfield code="a">Obraztsov, V</subfield>
    <subfield code="u">Serpukhov, IHEP</subfield>
  </datafield>
  <datafield tag="700" ind1=" " ind2=" ">
    <subfield code="a">Popov, I</subfield>
    <subfield code="u">Serpukhov, IHEP</subfield>
  </datafield>
  <datafield tag="700" ind1=" " ind2=" ">
    <subfield code="a">Semenov, V</subfield>
    <subfield code="u">Serpukhov, IHEP</subfield>
  </datafield>
  <datafield tag="700" ind1=" " ind2=" ">
    <subfield code="a">Yushchenko, O</subfield>
    <subfield code="u">Serpukhov, IHEP</subfield>
  </datafield>
  <datafield tag="700" ind1=" " ind2=" ">
    <subfield code="a">D’Agostini, G</subfield>
    <subfield code="u">INFN, Rome</subfield>
  </datafield>
  <datafield tag="700" ind1=" " ind2=" ">
    <subfield code="a">Leonardi, E</subfield>
    <subfield code="u">INFN, Rome</subfield>
  </datafield>
  <datafield tag="700" ind1=" " ind2=" ">
    <subfield code="a">Serra, M</subfield>
    <subfield code="u">INFN, Rome</subfield>
  </datafield>
  <datafield tag="700" ind1=" " ind2=" ">
    <subfield code="a">Valente, P</subfield>
    <subfield code="u">INFN, Rome</subfield>
  </datafield>
  <datafield tag="700" ind1=" " ind2=" ">
    <subfield code="a">Fucci, A</subfield>
    <subfield code="u">INFN, Rome2</subfield>
  </datafield>
  <datafield tag="700" ind1=" " ind2=" ">
    <subfield code="a">Salamon, A</subfield>
    <subfield code="u">INFN, Rome2</subfield>
  </datafield>
  <datafield tag="700" ind1=" " ind2=" ">
    <subfield code="a">Bloch-Devaux, B</subfield>
    <subfield code="u">Saclay</subfield>
  </datafield>
  <datafield tag="700" ind1=" " ind2=" ">
    <subfield code="a">Peyaud, B</subfield>
    <subfield code="u">Saclay</subfield>
  </datafield>
  <datafield tag="700" ind1=" " ind2=" ">
    <subfield code="a">Engelfried, J</subfield>
    <subfield code="u">San Luis Potosi U.</subfield>
  </datafield>
  <datafield tag="700" ind1=" " ind2=" ">
    <subfield code="a">Coward, D</subfield>
    <subfield code="u">Stanford U.</subfield>
  </datafield>
  <datafield tag="700" ind1=" " ind2=" ">
    <subfield code="a">Kozhuharov, V</subfield>
    <subfield code="u">Sofiya U.</subfield>
  </datafield>
  <datafield tag="700" ind1=" " ind2=" ">
    <subfield code="a">Litov, L</subfield>
    <subfield code="u">Sofiya U.</subfield>
  </datafield>
  <datafield tag="700" ind1=" " ind2=" ">
    <subfield code="a">Arcidiacono, R</subfield>
    <subfield code="u">Turin U.</subfield>
    <subfield code="u">INFN, Turin</subfield>
  </datafield>
  <datafield tag="700" ind1=" " ind2=" ">
    <subfield code="a">Bifani, S</subfield>
    <subfield code="u">Turin U.</subfield>
    <subfield code="u">INFN, Turin</subfield>
  </datafield>
  <datafield tag="700" ind1=" " ind2=" ">
    <subfield code="a">Biino, C</subfield>
    <subfield code="u">Turin U.</subfield>
    <subfield code="u">INFN, Turin</subfield>
  </datafield>
  <datafield tag="700" ind1=" " ind2=" ">
    <subfield code="a">Dellacasa, G</subfield>
    <subfield code="u">Turin U.</subfield>
    <subfield code="u">INFN, Turin</subfield>
  </datafield>
  <datafield tag="700" ind1=" " ind2=" ">
    <subfield code="a">Marchetto, F</subfield>
    <subfield code="u">Turin U.</subfield>
    <subfield code="u">INFN, Turin</subfield>
  </datafield>
  <datafield tag="700" ind1=" " ind2=" ">
    <subfield code="a">Numao, T</subfield>
    <subfield code="u">TRIUMF</subfield>
  </datafield>
  <datafield tag="700" ind1=" " ind2=" ">
    <subfield code="a">Retiere, F</subfield>
    <subfield code="u">TRIUMF</subfield>
  </datafield>
  <datafield tag="100" ind1=" " ind2=" ">
    <subfield code="a">Lazzeroni, C</subfield>
    <subfield code="u">Birmingham U.</subfield>
  </datafield>
  <datafield tag="037" ind1=" " ind2=" ">
    <subfield code="a">arXiv:1101.4805</subfield>
  </datafield>
  <datafield tag="035" ind1=" " ind2=" ">
    <subfield code="9">arXiv</subfield>
    <subfield code="a">oai:arXiv.org:1101.4805</subfield>
  </datafield>
  <datafield tag="035" ind1=" " ind2=" ">
    <subfield code="9">Inspire</subfield>
    <subfield code="a">885346</subfield>
  </datafield>
  <datafield tag="693" ind1=" " ind2=" ">
    <subfield code="a">CERN SPS</subfield>
    <subfield code="e">NA62</subfield>
  </datafield>
  <datafield tag="690" ind1="C" ind2=" ">
    <subfield code="a">ARTICLE</subfield>
  </datafield>
  <datafield tag="690" ind1="C" ind2=" ">
    <subfield code="a">CERN</subfield>
  </datafield>
  <datafield tag="690" ind1="C" ind2=" ">
    <subfield code="a">NA62_Papers</subfield>
  </datafield>
  <datafield tag="695" ind1=" " ind2=" ">
    <subfield code="9">LANL EDS</subfield>
    <subfield code="a">hep-ex</subfield>
  </datafield>
  <datafield tag="859" ind1=" " ind2=" ">
    <subfield code="f">evgueni.goudzovski@cern.ch</subfield>
  </datafield>
  <datafield tag="520" ind1=" " ind2=" ">
    <subfield code="a">A precision test of lepton flavour universality has been performed by measuring the ratio RK of kaon leptonic decay rates K+ --> e+nu and K+ --> mu+nu in a sample of 59813 reconstructed K+ --> e+nu candidates with (8.71 +- 0.24)% background contamination. The result RK = (2.487 +- 0.013) * 10^{-5} is in agreement with the Standard Model expectation.</subfield>
  </datafield>
  <datafield tag="653" ind1="1" ind2=" ">
    <subfield code="9">CERN</subfield>
    <subfield code="a">Lepton flavour universality</subfield>
  </datafield>
  <datafield tag="653" ind1="1" ind2=" ">
    <subfield code="9">CERN</subfield>
    <subfield code="a">Kaon decays</subfield>
  </datafield>
  <datafield tag="653" ind1="1" ind2=" ">
    <subfield code="9">CERN</subfield>
    <subfield code="a">Rare decays</subfield>
  </datafield>
  <datafield tag="506" ind1=" " ind2=" ">
    <subfield code="m">cds-edboard-na62 [CERN]</subfield>
  </datafield>
  <datafield tag="506" ind1=" " ind2=" ">
    <subfield code="m">cds-ph-ep-publications-referee-non-lhc [CERN]</subfield>
  </datafield>
  <datafield tag="506" ind1=" " ind2=" ">
    <subfield code="m">jerome.caffaro@cern.ch</subfield>
  </datafield>
  <datafield tag="916" ind1=" " ind2=" ">
    <subfield code="s">n</subfield>
    <subfield code="w">201104</subfield>
    <subfield code="y">a2011</subfield>
  </datafield>
  <datafield tag="500" ind1=" " ind2=" ">
    <subfield code="a">Comments: 16 pages, 6 figures</subfield>
  </datafield>
  <datafield tag="088" ind1=" " ind2=" ">
    <subfield code="9">CERN-PH-EP-DRAFT-NA62-2011-001</subfield>
  </datafield>
  <datafield tag="088" ind1=" " ind2=" ">
    <subfield code="a">CERN-PH-EP-2011-004</subfield>
  </datafield>
  <datafield tag="773" ind1=" " ind2=" ">
    <subfield code="p">Phys. Lett. B</subfield>
    <subfield code="v">698</subfield>
    <subfield code="y">2011</subfield>
    <subfield code="c">105-114</subfield>
    <subfield code="a">10.1016/j.physletb.2011.02.064</subfield>
  </datafield>
  <datafield tag="300" ind1=" " ind2=" ">
    <subfield code="a">16 p</subfield>
  </datafield>
  <datafield tag="562" ind1=" " ind2=" ">
    <subfield code="c">Public comments</subfield>
  </datafield>
  <datafield tag="856" ind1="4" ind2=" ">
    <subfield code="u">http://arxiv.org/pdf/1101.4805.pdf</subfield>
    <subfield code="y">Preprint</subfield>
  </datafield>
  <datafield tag="856" ind1="4" ind2=" ">
    <subfield code="u">http://cdsweb.cern.ch/record/1320930/files/CERN-PH-EP-2011-004.pdf</subfield>
  </datafield>
  <datafield tag="856" ind1="4" ind2=" ">
    <subfield code="u">http://cdsweb.cern.ch/record/1320930/files/CERN-PH-EP-DRAFT-NA62-2011-001 - draft.pdf</subfield>
    <subfield code="y">Draft (restricted)</subfield>
    <subfield code="z">Stamped by WebSubmit: 21/01/2011</subfield>
  </datafield>
  <datafield tag="084" ind1=" " ind2=" ">
    <subfield code="2">CERN Library</subfield>
    <subfield code="a">PH-EP-2011-004</subfield>
  </datafield>
  <datafield tag="024" ind1="8" ind2=" ">
    <subfield code="a">oai:cds.cern.ch:1320930</subfield>
    <subfield code="p">cerncds:CERN</subfield>
  </datafield>
  <datafield tag="260" ind1=" " ind2=" ">
    <subfield code="c">2011</subfield>
  </datafield>
  <datafield tag="269" ind1=" " ind2=" ">
    <subfield code="c">26 Jan 2011</subfield>
  </datafield>
  <datafield tag="710" ind1=" " ind2=" ">
    <subfield code="5">PH-EP</subfield>
  </datafield>
  <datafield tag="710" ind1=" " ind2=" ">
    <subfield code="g">NA62 Collaboration</subfield>
  </datafield>
  <datafield tag="041" ind1=" " ind2=" ">
    <subfield code="a">eng</subfield>
  </datafield>
  <datafield tag="903" ind1="1" ind2=" ">
    <subfield code="a">Approval requested for number CERN-PH-EP-2011-004</subfield>
    <subfield code="b">CERN-PH-EP-2011-004</subfield>
    <subfield code="c">EPPHAPP</subfield>
    <subfield code="d">2011-01-09 15:31:43</subfield>
    <subfield code="e">2011-01-16 15:31:43</subfield>
    <subfield code="f">evgueni.goudzovski@cern.ch</subfield>
    <subfield code="s">waiting</subfield>
  </datafield>
  <datafield tag="903" ind1="1" ind2=" ">
    <subfield code="a">Further internal refereeing of the paper</subfield>
    <subfield code="b">CERN-PH-EP-2011-004</subfield>
    <subfield code="c">EPPHAPP</subfield>
    <subfield code="d">2011-01-11 16:57:19</subfield>
    <subfield code="f">roger.forty@cern.ch</subfield>
    <subfield code="s">reviewing</subfield>
  </datafield>
  <datafield tag="903" ind1="1" ind2=" ">
    <subfield code="a">Document approved</subfield>
    <subfield code="b">CERN-PH-EP-2011-004</subfield>
    <subfield code="c">EPPHAPP</subfield>
    <subfield code="d">2011-01-21 17:59:12</subfield>
    <subfield code="f">roger.forty@cern.ch</subfield>
    <subfield code="s">approved</subfield>
  </datafield>
  <datafield tag="909" ind1="C" ind2="O">
    <subfield code="o">oai:atlantis.cern.ch:1320930</subfield>
    <subfield code="p">cerncds:CERN</subfield>
  </datafield>
  <datafield tag="960" ind1=" " ind2=" ">
    <subfield code="a">13</subfield>
  </datafield>
  <datafield tag="961" ind1=" " ind2=" ">
    <subfield code="c">20110228</subfield>
    <subfield code="h">0944</subfield>
    <subfield code="l">CER01</subfield>
    <subfield code="x">20110126</subfield>
  </datafield>
  <datafield tag="963" ind1=" " ind2=" ">
    <subfield code="a">PUBLIC</subfield>
  </datafield>
  <datafield tag="245" ind1=" " ind2=" ">
    <subfield code="a">Test of Lepton Flavour Universality in $K^{+} \to l^{+}\nu$ Decays</subfield>
  </datafield>
</record>